2096 3585
837 209 1011 278 (319)

150 284 269 331 Mox
291 279 370 329 ubi
393 278 669 350 quadratam
691 282 835 328 traxit
858 280 1072 328 revoluta
1098 279 1325 348 figura-m,

214 349 444 416 Qialibet
473 367 549 410 os,
589 351 813 419 nusquam
839 364 972 418 terga
995 349 1197 400 videnda
1219 350 1377 400 dabat.

147 420 386 469 Horrebat
409 419 529 467 latus
554 434 697 468 omne
722 423 862 468 armis
877 446 890 480 5
930 418 1008 468 sed
1034 424 1264 469 maximus
1288 420 1457 471 horror

217 491 361 538 Tunc
386 503 484 537 erat
499 529 513 550 ,
554 487 727 556 exple-'fi
756 505 863 535 cum
885 488 1078 536 sonuere
1097 489 1212 538 tubi.

147 562 243 607 Aut
266 577 409 627 quum
429 556 698 626 sulphureas
723 561 902 606 circum
925 574 1040 605 cava
1062 557 1288 607 machina
1313 560 1588 621 'flamm-asffi

212 632 556 695 Fumorumque
583 642 706 675 atros
740 627 897 675 ederet
921 645 1002 675 ore
1023 626 1207 695 globos.

147 696 722 746 Terrificum-monstru'm
746 701 756 746 Ξ
782 715 878 745 non
905 695 967 744 est
989 700 1118 759 Jovis
1144 702 1216 745 ira
1239 703 1452 750 tona-ntis
1497 726 1499 728 ·
1558 726 1562 729 Δ

211 770 426 829 Saevior,
468 781 545 815 aut
570 767 736 815 ardens
752 802 768 828 ,-
806 784 946 841 quem
966 770 1086 832 jacit
1108 772 1290 828 Aetna,
1329 777 1496 836 vapor.

143 838 232 885 His
260 854 454 904 operam
474 835 644 885 studiis·
659 835 787 884 bello
810 838 990 884 sacrata
1009 840 1229 902 juventus

216 908 325 954 Huc
351 905 492 954 dabat
518 904 752 967 allabens,
794 913 840 954 δε
865 905 1029 953 schola
1054 909 1221 954 Martis
1246 923 1419 957 eram„
1518 934 1525 947 ι

142 976 253 1023 Nec
277 975 400 1024 fallit
426 975 562 1023 cultis
587 979 665 1043 qui
688 992 763 1023 me
791 975 1098 1037 commendat
1124 975 1180 1024 ab
1211 980 1330 1023 arvi-s
1346 1015 1363 1037 ,.

215 1047 323 1094 Hac
348 1047 491 1092 etiam
521 1059 572 1092 ut
597 1045 777 1112 sperem
802 1060 934 1112 parte
960 1046 1148 1112 placere
1175 1045 1274 1094 tibi.

145 1117 464 1181 Praecingunt
486 1113 665 1181 septem
690 1122 733 1162 δε
764 1114 898 1174 deni,
939 1115 1022 1162 dos
1057 1116 1235 1176 altera,
1281 1118 1422 1182 pagi,
1490 1141 1492 1143 ·

210 1184 414 1231 Traetus
440 1190 484 1231 δε
510 1183 573 1230 est
592 1187 734 1248 juris,
775 1201 867 1252 qua
891 1199 1022 1252 patet
1048 1184 1154 1246 ille,
1193 1188 1302 1233 mei.

143 1254 276 1299 Stant
303 1251 494 1299 crebrae
517 1255 694 1299 circum
718 1253 885 1313 villae,
926 1253 1157 1320 pur-iffima
1179 1254 1316 1301 coelo

210 1324 360 1369 Dicor
376 1360 389 1381 ,
430 1328 475 1369 &
500 1324 685 1389 irriguis
709 1322 859 1369 Breda
881 1322 1073 1369 salubris
1100 1325 1245 1390 aquis.

145 1395 320 1439 Annua
343 1389 586 1439 foecundis
609 1391 824 1439 velantur
850 1390 1060 1439 messibus
1088 1407 1226 1452 arva,

213 1462 473 1508 Communi
498 1457 652 1504 officio
676 1461 831 1503 Terra
860 1460 1090 1522 Ceresque
1118 1460 1261 1508 favet.

147 1532 191 1577 Si
216 1544 327 1575 mea
346 1529 595 1591 temperies
623 1524 749 1570 dulci
774 1541 871 1571 non
899 1529 1125 1572 convenit
1155 1544 1272 1575 uvae
1285 1568 1307 1590 ‚.
1346 1552 1351 1555 ·

217 1592 461 1662 Mustaque
478 1593 702 1641 Breda'no
725 1611 822 1640 non
847 1592 964 1640 bibo
993 1592 1138 1660 pressa
1157 1596 1298 1660 pede:

147 1663 401 1715 Miscemus
426 1663 627 1731 liquidas
653 1666 886 1731 corruptis
907 1661 1118 1730 frugibus
1139 1662 1313 1726 undas,

222 1738 280 1784 Et
303 1738 403 1783 vini
426 1733 626 1800 speciem
654 1733 739 1781 dat
760 1732 881 1781 mihi
913 1734 1049 1781 cocta
1071 1735 1229 1782 Ceres.

149 1806 284 1854 Haec
309 1810 492 1873 quoque
515 1801 749 1858 Naffaviis
774 1803 1052 1871 placuerunt
1085 1801 1257 1871 pocula
1281 1778 1482 1868 linguis,
1506 1828 1518 1854 η
1565 1829 1569 1837 ·

222 1873 452 1922 Guilelmi
476 1873 595 1920 haec
615 1873 712 1920 vidi
737 1871 871 1939 saepe
893 1870 1061 1921 levasse
1088 1871 1226 1921 sitim»
1251 1908 1253 1911 -
1309 1895 1314 1897 >

152 1949 220 1996 Ut
248 1946 462 1991 Domino
490 1952 704 2003 caruere,
745 1960 874 1991 meos
897 1940 1068 1990 fleviffe
1093 1943 1293 1991 colonos

219 2016 271 2060 In
294 2016 472 2073 tacito,
512 2015 740 2071 memini,
782 2010 929 2059 tristia
954 2011 1129 2060 damna
1151 2011 1263 2061 finu.

153 2084 296 2148 Saepe
323 2080 429 2128 satis
452 2084 616 2128 nocuit
642 2079 847 2147 Riphaei
873 2079 1119 2146 grandinis
1151 2096 1355 2146 agmen,

221 2154 364 2217 Saepe
388 2149 606 2216 pruinoso
630 2148 803 2217 frigida
825 2152 962 2197 Luna
983 2148 1105 2215 gelu.

156 2218 298 2267 Pestis
325 2233 423 2265 erat
452 2217 666 2277 stabulis,
707 2217 938 2284 ductoque
963 2234 1045 2284 per
1073 2217 1156 2264 ilia
1180 2214 1353 2264 morbo

223 2291 500 2335 Innumerae
523 2286 658 2334 letho
682 2285 959 2334 succubuere
984 2284 1145 2333 boves.

157 2359 235 2407 Te
262 2359 481 2404 veniente
508 2355 687 2403 malum
711 2356 879 2403 melior
904 2358 1028 2403 Deus
1056 2354 1234 2403 auferat
1260 2370 1454 2414 aevum,

226 2425 444 2475 Cultores
471 2442 709 2493 nunquam
737 2429 844 2493 Spes
870 2428 1004 2472 Bona
1025 2423 1255 2472 destituat.

160 2498 299 2555 Sunt,
338 2494 369 2542 sl
396 2494 515 2542 sorte
535 2510 671 2561 roges
698 2512 755 2542 an
782 2494 899 2542 solas
929 2494 1091 2542 invida
1114 2493 1270 2560 fruges

226 2569 322 2614 Hic
345 2568 530 2613 Natura
555 2564 701 2625 ferat,
744 2579 1075 2632 praetereaque
1100 2561 1249 2610 nihili

162 2637 275 2682 Sunt
301 2634 418 2682 aliae
441 2634 600 2694 dotes;
642 2638 855 2703 quamvis
880 2633 987 2681 satis
1013 2633 1096 2681 illa
1116 2634 1310 2692 vocari,

226 2705 365 2768 Qiae
388 2721 561 2771 panem
586 2707 742 2772 gignit
762 2743 775 2764 ,
816 2717 939 2751 terra
965 2701 1103 2751 beata
1127 2696 1293 2770 potest.

161 2775 284 2838 Qiis
306 2777 477 2821 tractus
504 2773 654 2840 plures
676 2772 889 2841 perdices
913 2771 1080 2821 educat
1095 2812 1109 2834 ‚
1150 2786 1227 2820 aut
1251 2786 1370 2840 quae

229 2844 333 2891 Tot
357 2843 538 2910 lepores
566 2842 730 2905 tellus,
753 2857 887 2911 -quot
909 2860 1014 2891 mea
1038 2842 1188 2902 celat,
1232 2838 1403 2889 habet?

165 2916 260 2962 Hic
283 2911 444 2960 creber
457 2912 654 2974 turdus,
694 2911 983 2982 rostrataque
1013 2912 1292 2980 gallinago,

231 2984 470 3049 Grataque
497 2986 708 3031 convivis
735 2985 923 3049 pinguis
949 2981 1114 3030 alauda
1137 2984 1268 3029 meis.

165 3054 292 3099 Ante
316 3070 480 3099 omnes
504 3055 636 3119 capi,
657 3087 659 3090 ι
677 3049 848 3100 menfis·
866 3049 1128 3119 digniffima
1154 3054 1341 3117 Regum

235 3120 452 3183 Fercula,
491 3121 733 3170 Ere-danae
754 3117 883 3171 dona
917 3121 1131 3169 cohortis
1153 3122 1287 3168 aves(

908 3193 958 3239 K
999 3209 1023 3238 2

1596 3168 1646 3232 V
1650 3199 1721 3229 era
