2096 3585
1040 236 1212 301 (40)

340 308 586 357 Verveces
611 303 770 352 nostro
795 306 972 352 famam
997 321 1219 371 peperere
1243 308 1446 355 macello
1463 348 1477 368 ,

407 380 555 443 Inque
579 378 698 422 meis
723 372 912 421 stabulis
941 378 1142 441 corp0ra
1169 371 1296 440 pasta
1319 373 1476 425 boum.
1529 423 1531 425 .

336 447 447 492 Sunt
478 448 556 510 qui
587 447 746 490 vicino
769 447 1020 490 mittuntur
1047 444 1103 490 ab
1129 460 1329 510 aequore
1355 442 1527 510 pisces,

403 518 518 559 Sunt
543 519 587 560 &
613 512 847 559 flumineis
873 516 950 579 qui
978 517 1225 579 capiuntur
1251 516 1394 579 aquis.
1418 520 1421 524 ’
1673 562 1679 566 ,
1717 566 1721 570 ,

338 586 596 648 Utcunque
623 580 706 628 ista
727 580 880 629 solent
901 585 1108 647 jastare,
1148 582 1287 629 decus
1313 597 1475 631 tamen
1494 581 1631 630 urbes
1732 614 1735 617 ι
1762 618 1763 622 ,

406 651 598 699 Civibus
624 651 749 698 haud
774 650 959 717 possunt
986 655 1134 716 majus
1161 650 1334 698 habere
1362 651 1513 701 bonis.
1669 704 1675 707 ,

336 724 730 767 commemorare
752 738 882 767 meos
914 723 1058 767 etiam
1088 720 1218 768 locus
1249 720 1330 771 hic
1357 719 1410 768 sit
1439 722 1685 780 alumnos,

410 795 480 839 Ut
507 793 680 856 pariter
704 789 886 850 laudes,
927 806 1039 858 quas
1066 796 1304 849 meruere,
1345 788 1515 838 ferant.

341 863 453 907 Sunt
480 857 556 906 sua
578 877 694 926 quos
719 874 857 906 ornat
885 866 1044 906 rerum
1069 858 1391 925 pulcherrima
1417 864 1591 921 virtus,

401 932 514 975 Sunt
537 932 615 996 qui
640 927 683 975 se
707 928 865 976 saneta
895 929 1147 995 relligione
1181 927 1415 996 probant:

333 996 574 1065 Queisque
599 1001 724 1045 Deus
752 997 970 1046 concessit
996 1016 1134 1065 opes,
1179 997 1450 1066 animosque
1476 997 1685 1060 fruendi,

400 1067 594 1115 Civibus
623 1068 778 1114 utilius
802 1086 896 1136 quo
918 1067 1040 1115 nihil
1065 1067 1152 1115 esse
1178 1067 1344 1134 potest.

331 1138 523 1202 Quique
548 1135 714 1183 colunt
740 1136 917 1198 sacras,
957 1136 1032 1184 sed
1060 1141 1178 1197 rari,
1222 1138 1427 1185 Palladis
1453 1152 1600 1195 artes,

403 1206 651 1273 Multaque
677 1204 909 1274 belligero
932 1225 1046 1273 gens
1071 1222 1266 1273 operata
1295 1210 1414 1257 Deo.

332 1278 438 1323 Heu
465 1278 474 1323 ,Ι
503 1294 582 1322 cur
607 1273 793 1324 diverfis
820 1281 937 1336 aris,
979 1277 1227 1342 &dispare
1251 1277 1378 1323 cultu

398 1344 564 1390 Altera
590 1362 692 1410 pars
718 1345 881 1410 populi
912 1349 1105 1393 Numen
1138 1346 1301 1392 adorat
1326 1346 1481 1392 idem?

333 1414 534 1476 Qianto
559 1414 628 1460 illi
654 1413 818 1460 melius
836 1413 1051 1469 facerent
1081 1418 1351 1462 communia
1377 1413 1531 1473 sacra,

399 1483 741 1549 Placarentque
766 1486 920 1529 Deum
947 1484 1199 1543 relligione
1220 1486 1338 1543 pari.

330 1550 416 1598 Sed
443 1568 585 1616 penes
615 1550 711 1598 hoc
742 1550 877 1596 illurn
901 1545 990 1605 est,
1030 1549 1108 1612 qui
1135 1559 1370 1611 temperat
1398 1550 1562 1593 omnia
1588 1563 1733 1609 nutu,

398 1621 592 1685 Quique
614 1619 867 1666 hominum
888 1615 1008 1661 solus
1034 1615 1219 1662 flectere
1243 1614 1386 1662 corda
1410 1613 1576 1682 potest.

330 1691 449 1737 Nori
473 1689 559 1734 illo
584 1685 803 1746 turbante
827 1699 987 1732 tamen
1014 1682 1282 1732 discrimine
1304 1688 1472 1733 vivunt

397 1756 673 1804 Concordes
691 1795 709 1817 ‚
745 1755 864 1803 odiis
888 1752 1164 1823 diffidiisque
1186 1754 1368 1821 procul.

330 1830 453 1876 Pace
477 1841 556 1874 tua
581 1824 767 1874 tantum
790 1823 914 1885 hoc,
951 1842 1009 1871 ne
1034 1822 1214 1891 singula
1235 1823 1715 1893 persequar,addam,

396 1895 485 1943 Nil
508 1896 601 1943 illis
623 1898 837 1944 Domino
859 1893 1037 1942 dulcius
1063 1893 1149 1942 effe
1172 1893 1265 1943 suo,

330 1969 475 2014 Hunc
503 1983 614 2031 puer
637 1969 689 2013 in
717 1968 845 2013 cunis
871 1962 1004 2012 discit
1027 1964 1264 2012 Bredanus
1292 1981 1531 2025 amorem,

397 2038 458 2083 Et
482 2049 562 2082 tua
586 2052 693 2083 cum
717 2039 881 2083 matris
908 2038 1104 2083 nomina
1129 2034 1250 2081 laete
1273 2033 1408 2083 bibit.

330 2106 482 2152 Laeta
503 2104 808 2152 Pharetratae
832 2103 980 2148 studia
1006 2119 1220 2150 exercere
1246 2105 1429 2149 Dianae

398 2175 620 2236 Sijuvat,
661 2174 880 2238 antiquae
903 2169 1164 2218 nobilitatis
1192 2188 1336 2236 opus:

330 2244 415 2288 Seu
442 2257 585 2300 cane,
625 2238 699 2287 seu
726 2238 924 2306 plumbo
948 2239 1163 2286 timidam
1188 2238 1420 2285 sectabere
1451 2239 1675 2304 praedam
1693 2280 1706 2301 ‚

397 2309 553 2357 Multa
576 2308 656 2356 hic
680 2325 821 2377 quam
846 2307 1069 2375 plumbo,
1111 2324 1252 2376 quam
1274 2324 1390 2354 cane
1416 2307 1589 2373 praeda
1613 2324 1757 2374 petas,

330 2381 494 2430 Verna
517 2379 675 2445 lupus,
716 2378 997 2445 perdixqroe,
1038 2382 1152 2425 meis
1179 2396 1275 2424 non
1304 2376 1491 2442 hospita
1515 2384 1646 2425 terris
1662 2417 1676 2438 ,

399 2452 469 2497 Ut
500 2449 637 2495 cadat
662 2463 769 2495 ante
803 2462 905 2495 tuos
927 2462 1060 2513 optat
1083 2462 1277 2515 uterque
1302 2446 1467 2511 pedes:

330 2520 432 2581 Qi
456 2535 609 2578 nunc,
648 2517 896 2565 infandum
912 2555 925 2576 ‚
967 2516 1192 2582 praedoni
1217 2515 1426 2562 obnoxia
1449 2515 1592 2577 duro,

399 2586 695 2653 Principibus
717 2585 822 2634 solis
847 2590 1055 2653 praemia
1086 2586 1260 2651 digna,
1294 2588 1474 2650 jacent.

330 2659 541 2704 Sinceras
563 2660 746 2704 utinam
769 2654 947 2722 poffem
972 2653 1058 2702 tibi
1085 2656 1269 2702 tradere
1292 2652 1464 2718 sylvas!

398 2730 507 2774 Pars
534 2725 643 2773 illae
669 2725 818 2773 cultus
843 2742 1019 2792 magna
1045 2724 1171 2772 fuere
1199 2728 1307 2772 mei.

329 2798 458 2855 Ter,
497 2810 661 2862 quater
689 2812 717 2842 o
741 2794 895 2860 sylvae
920 2794 1160 2842 Guilelmo
1185 2798 1321 2861 Rege
1350 2790 1518 2840 beatae

400 2869 446 2912 O
470 2864 641 2932 dignae
666 2878 804 2912 tanto
828 2864 1025 2911 deliciae
1051 2867 1287 2911 Domino!

329 2934 414 2983 Ille
439 2935 514 2980 vel
549 2932 773 2982 annosam
798 2936 945 2981 vetuit
974 2948 1280 2980 contemnere
1304 2935 1578 2997 Qercum,

398 3005 542 3051 Tunc
566 3003 723 3051 secura
747 3003 860 3051 mali
886 3001 1122 3070 quaelibet
1151 3001 1290 3051 arbor
1310 3017 1425 3051 erat.

331 3076 376 3122 Si
401 3088 542 3139 quam
566 3072 710 3140 longa
735 3073 830 3121 dies
855 3070 991 3120 exeso
1014 3076 1158 3119 noxia
1181 3087 1378 3133 trunco,

397 3147 482 3190 Seu
505 3143 672 3189 vitium
699 3142 756 3190 ad
782 3157 957 3192 terram
980 3140 1054 3190 seu
1078 3141 1220 3191 dabat
1247 3145 1315 3192 ira
1337 3145 1487 3192 Noti:

1735 3205 1884 3258 Obla-
