2096 3585
917 181 1096 251 (33)

208 259 540 323 MaJ‘orumque
566 254 749 301 animos
780 255 954 300 teneris
973 251 1184 309 ,fateatur
1208 250 1266 301 ab
1293 256 1460 317 anni-sg³

268 327 519 376 Vidtorem
547 320 798 391 agnosca5‚
838 325 1009 370 tractat
1032 336 1083 370 ut
1105 340 1236 371 arma
1259 327 1401 372 Puer:

202 395 494 445 Pendentem
518 392 652 441 lateri
676 394 883 460 primum
906 391 1185 442 mirabimur
1209 392 1364 443 ensem
1377 420 1393 456 5

270 467 539 511 Conveniet
561 463 752 511 dextrae
773 459 949 510 nobilis
969 461 1101 510 hasta
1122 462 1239 512 suae.

200 534 298 583 Vix
321 536 475 599 operis
503 535 624 580 tanti
652 531 776 579 cedit
800 548 905 598 pars
928 530 1097 579 infima
1118 529 1356 594 summae,

259 603 448 650 Scilicet
471 599 642 650 artifici
669 600 865 650 condita
893 600 1017 650 cella
1038 617 1196 651 manU.

196 677 333 720 Atria
356 672 635 740 suspendunt
659 670 938 720 immensam
960 670 1143 720 subdita
1167 670 1346 720 molem
1364 692 1379 732 5

263 742 540 790 Fornicibus
565 743 711 809 longe
739 745 1019 790 continuata
1043 745 1186 790 cavis.

194 810 476 860 Luminibus
506 811 537 860 fi
562 812 752 881 quando
774 815 862 870 tuis
877 851 891 873 ,
932 811 1098 880 quibus
1121 815 1285 860 omnia
1308 813 1437 859 cerni

259 885 363 944 Jam
388 882 620 950 gaudent,
657 896 817 929 tantae
840 882 1010 930 videris
1037 881 1133 929 alta
1155 881 1337 931 domus,

195 951 424 1000 Inferiora
446 967 610 1019 petens
640 967 901 1000 cameratas
930 951 1108 1020 inspice
1131 950 1256 1000 sedes

257 1026 376 1068 Arte
399 1040 488 1070 nec
514 1022 595 1070 hic
625 1037 781 1069 careat
797 1062 809 1082 ‚
852 1038 898 1070 te
921 1040 1107 1090 quoque
1131 1020 1270 1082 teste,
1314 1020 1464 1069 labor.

191 1094 411 1139 Proxima
435 1110 584 1152 nunc,
624 1108 736 1139 nam
759 1092 906 1160 longa
930 1091 1120 1160 usquam
1146 1107 1283 1139 mora
1307 1109 1406 1139 non
1432 1092 1521 1138 erit
1543 1087 1670 1148 ulla?-

257 1164 357 1207 Sint
383 1161 531 1209 oculis
558 1165 703 1209 etiam
728 1159 1019 1228 subjicienda
1042 1166 1148 1211 tuis.
1307 1172 1310 1173 ’

188 1232 295 1277 Hac
320 1246 477 1277 arcem
503 1231 744 1298 quondam
769 1231 925 1278 celato
949 1231 1102 1279 milite
1126 1229 1274 1298 preffa

200 1362 202 1365 ι
252 1300 460 1364 Trojani
482 1299 619 1347 subiit
644 1300 827 1347 aemula
848 1304 1018 1367 puppis
1046 1304 1167 1367 equi.

188 1370 327 1414 Fraus
351 1368 492 1428 abiit,
532 1367 609 1416 sed
633 1368 740 1417 saxa
765 1385 963 1418 manent
988 1368 1205 1418 testantia
1229 1367 1470 1428 fraudem,

260 1441 347 1485 Per
370 1454 511 1505 quam
541 1442 770 1483 Maur-itio
794 1443 1015 1501 Principe
1041 1453 1181 1505 capta
1205 1437 1285 1487 fui.

189 1510 246 1555 Et
271 1521 349 1552 tua
370 1507 524 1563 fama,
566 1517 756 1564 manet,
798 1506 968 1549 mortis
993 1507 1073 1570 qui
1098 1522 1219 1570 pene
1247 1503 1475 1573 profeffae

262 1577 311 1623 T
317 1571 483 1621 entasti
509 1572 705 1620 audaces
722 1611 734 1631 ‚
774 1574 1065 1638 Herogiere‚
1106 1578 1221 1619 vias.

186 1649 296 1694 Nec
322 1644 487 1710 procul
509 1640 654 1702 hinc,
694 1641 949 1709 aliquando
972 1641 1093 1690 latus
1119 1658 1263 1709 quum
1287 1643 1413 1689 nuda
1436 1656 1680 1708 pateremj-

255 1716 462 1781 Altaque
489 1711 674 1779 dilapfis
698 1709 816 1760 foffa
839 1726 1019 1760 careret
1045 1715 1200 1780 aquis:

191 1788 434 1834 Intrarunt
459 1781 613 1831 hostes
628 1822 640 1842 ,
683 1780 823 1831 caefis
845 1779 1110 1830 custodibus
1125 1820 1139 1842 ‚
1179 1780 1345 1830 urbem

257 1857 531 1902 Attonitam
547 1891 560 1912 ‚
601 1855 773 1900 tacitos
799 1856 940 1899 noete
961 1866 1155 1919 tegente
1181 1850 1344 1901 dolos:

190 1922 428 1983 Advolat5
470 1928 515 1970 δε
543 1924 666 1969 cives
693 1920 913 1968 accendit
937 1920 1113 1970 Consul
1138 1924 1187 1968 in
1210 1924 1379 1980 armiS,

257 1998 548 2042 Hortantem
569 1989 770 2059 sequitur
793 1990 931 2039 turba
954 2006 1120 2058 parata
1153 1993 1354 2039 Ducem.

188 2069 519 2120 Concurrunt,
559 2076 861 2127 pugnamque
886 2063 1041 2118 cient,
1083 2060 1195 2105 dum
1221 2058 1425 2105 molibus
1448 2057 1532 2104 alti

256 2129 530 2182 Occludunt
556 2130 661 2191 alii,
700 2146 793 2197 qua
820 2143 1041 2196 patuere,
1080 2130 1196 2175 vias.

190 2207 276 2251 Per
302 2203 456 2248 varios
481 2196 643 2246 insana
669 2198 838 2264 gradus
863 2198 1096 2245 violentia
1122 2194 1278 2262 gliscit
1295 2236 1309 2257 ‚

247 2276 404 2338 Atque
421 2271 490 2315 ira
507 2284 678 2315 vacuus
703 2270 782 2314 vix
806 2266 938 2314 locus
963 2266 1091 2314 urbis
1116 2279 1230 2313 erat.

192 2345 275 2389 Me
297 2337 515 2388 miseram
536 2340 546 2386 !
573 2352 804 2404 quantum
827 2334 928 2383 fuso
955 2355 1051 2384 nox
1076 2334 1160 2382 illa
1188 2351 1355 2381 cruore

258 2406 432 2459 Hostili
454 2409 629 2474 pariter
651 2404 802 2473 sparsa
826 2422 1028 2474 meoque
1056 2403 1166 2452 fuit!

192 2484 258 2529 At
284 2497 380 2528 non
408 2489 657 2524 contentus
679 2474 806 2523 ferro
828 2474 959 2524 furor
983 2472 1164 2523 addidit
1186 2476 1349 2540 ignem
1363 2510 1379 2533 ‚

265 2549 440 2615 Coepit
461 2545 507 2595 δε
529 2544 747 2594 accensas
767 2542 1128 2593 urere-flamma
1150 2541 1335 2597 domos.

195 2623 358 2687 thue
389 2616 561 2664 cadant
590 2618 714 2662 cives
730 2638 746 2675 ,2
783 2630 1077 2682 numeroque
1103 2624 1379 2680 premantur
1404 2613 1602 2679 iniquo,

263 2692 364 2740 Vix
385 2700 547 2735 tamen
573 2698 804 2733 extremas
828 2680 1065 2732 deseruere
1088 2685 1233 2730 vices.

196 2763 339 2807 Fama
362 2771 552 2805 aeterna
574 2767 737 2803 manet
760 2766 861 2802 tam
887 2752 1114 2821 pulchrae
1141 2751 1302 2817 debita
1324 2753 1493 2809 morti,

262 2827 412 2876 Nulla
434 2825 532 2875 dies
554 2827 705 2873 noetis
732 2841 831 2871 non
854 2833 1038 2873 memor
1062 2821 1199 2889 hujus
1224 2824 1330 2870 erit.

197 2899 312 2946 Sunt
337 2895 486 2944 oculis
509 2893 752 2962 quondam
773 2896 972 2942 Domini
996 2890 1251 2961 gratiffima
1275 2891 1466 2958 Tempe

264 2972 393 3016 Ante
418 2964 639 3024 domurn,
685 2962 844 3012 medio
870 2981 966 3016 necf
982 2962 1151 3029 procul
1180 2959 1263 3008 illa
1285 2958 1408 3021 foro.

198 3035 327 3086 Festa
352 3035 456 3083 luce
482 3033 567 3081 illo
591 3036 703 3081 civis
727 3049 857 3081 meus
872 3031 1094 3081 >ambulat
1118 3029 1288 3090 horta,

266 3105 413 3169 (Hoc
436 3120 622 3172 quoque
646 3105 859 3151 Mauritii
884 3119 1077 3219 muneIre
1097 3103 1221 3150 civis
1239 3095 1434 3166 habet.)
1672 3168 1697 3212 S
1730 3163 1762 3212 b

1699 3184 1728 3213 u
