2096 3585
1019 242 1193 310 (26)

311 372 414 418 Hos
442 366 585 425 adeo,
625 361 656 412 si
678 377 770 431 qua
793 358 855 409 est
880 361 1059 428 pietas,
1099 359 1339 427 ploramus
1371 359 1641 430 ademptos,

379 442 462 485 Seu
486 437 613 483 lente
638 432 774 491 fatis,
814 428 888 478 seu
918 433 1016 477 cito
1041 431 1297 496 paruerint.

311 508 449 556 Talis
468 545 481 565 ,
522 502 702 562 Breda,
740 498 828 547 tibi
851 497 995 547 facies
1021 498 1134 546 fuit:
1175 503 1387 566 Atropos
1410 516 1465 546 ex
1491 516 1585 565 quo

379 573 604 622 Guilelmi
625 584 888 619 extremum
914 571 1045 617 nevit
1071 567 1240 616 acerba
1266 566 1409 618 diem.

311 645 411 707 Qui
434 641 661 690 solaretur
677 680 691 701 ,
731 637 989 706 vulnusque
1014 636 1275 685 obduceret
1302 637 1476 700 altum,

378 716 513 762 Unus
546 708 671 759 Friso
695 707 855 776 super,
896 706 928 755 si
958 703 1158 755 licuiffet
1177 746 1191 768 ,
1233 721 1346 755 erat.

308 782 442 831 Bella
465 794 627 829 movet
654 797 760 827 cum
788 782 895 826 Dux
912 817 925 838 ‚
966 783 1010 825 &
1041 780 1091 824 in
1116 776 1233 824 altas
1258 775 1481 825 fulminat
1505 776 1668 839 urbes,

376 855 521 900 Hunc
547 866 665 918 aqua
683 887 693 898 .
734 848 861 917 quod
894 846 1115 894 flammae
1144 865 1242 894 non
1267 861 1490 914 potuere,
1531 850 1667 914 rapit.

310 925 508 969 Parcere
530 934 578 968 te
600 919 758 967 decuit
785 915 967 978 versae,
1005 919 1260 982 Neptune,
1309 921 1524 978 carinae,

365 995 539 1039 Pacete
563 1004 610 1037 te
643 1002 807 1048 tanto,
843 1004 982 1055 quem
1011 985 1120 1034 tulit
1151 986 1233 1033 illa
1253 1025 1266 1046 ,
1306 987 1446 1036 Viro.

306 1062 438 1107 Heu!
479 1061 680 1106 nimium
704 1056 747 1104 se
772 1057 922 1104 credit
946 1054 1097 1103 homo
1123 1053 1375 1103 fallacibus
1398 1053 1604 1113 Austris;

371 1126 563 1176 Insidias
584 1127 747 1193 Pelagi
770 1142 913 1194 quam
938 1127 1074 1172 timet
1097 1124 1178 1172 ille
1201 1128 1394 1191 parum!

303 1201 377 1246 Sic
405 1215 489 1245 nos
506 1237 520 1258 ,
560 1194 622 1244 fic
647 1210 773 1243 aetas
804 1212 920 1262 ergo
941 1207 1140 1241 ventura
1163 1192 1343 1241 videbit

371 1270 540 1316 Unum
568 1282 594 1313 a
618 1265 861 1313 Guilelmo
884 1282 982 1312 non
1007 1260 1231 1330 supereffe
1262 1268 1430 1331 caput!

304 1341 360 1386 Et
385 1339 533 1384 Patris
560 1339 611 1382 in
646 1333 800 1395 fastis,
844 1340 889 1381 δε
912 1332 1063 1393 facta,
1103 1332 1322 1399 legentur
1349 1336 1588 1382 Avorum!

370 1409 534 1453 Nemo
556 1403 613 1451 de
642 1418 778 1451 tanta
798 1405 956 1450 Gente
979 1400 1202 1469 superstes
1234 1405 1351 1449 erit?

305 1475 443 1522 Solve
473 1490 665 1534 comas,
701 1470 916 1539 justoque
940 1471 1162 1528 indulge,
1201 1470 1382 1525 Breda‚
1423 1471 1580 1518 dolori

371 1545 452 1593 Tu
473 1559 684 1610 puoque,
724 1540 852 1607 spem
878 1543 1050 1584 Boreas
1076 1530 1227 1579 haufit
1252 1539 1298 1579 δε
1321 1534 1446 1580 unda
1469 1550 1624 1582 tuam:

302 1615 373 1662 Ni
402 1616 551 1671 Deus,
591 1611 829 1657 humanos
854 1599 1077 1650 miserans
1105 1600 1361 1668 aliquando
1388 1601 1601 1666 labores,

371 1683 426 1727 In
451 1679 579 1725 duris
604 1672 721 1722 adsit
743 1670 879 1720 rebus
894 1710 908 1732 ,
944 1687 1181 1738 opemque
1204 1669 1339 1721 ferat.

300 1754 421 1800 Ecce
445 1760 580 1815 parat
609 1760 777 1803 cunas,
822 1741 985 1789 suffito
1011 1744 1230 1807 genitura
1254 1744 1435 1791 Marito

371 1821 592 1883 Conjux,
635 1812 698 1861 est
721 1815 842 1860 uteri
869 1809 968 1879 spes
993 1809 1126 1878 super
1154 1828 1249 1859 una
1275 1810 1369 1861 sui:

302 1887 552 1946 Nascitur,
593 1901 728 1943 ecce,
768 1885 918 1942 Puer,
957 1881 1085 1929 luctu
1112 1879 1314 1948 gestatus
1342 1899 1531 1943 amaro,

370 1958 542 2004 Matris
572 1951 727 2000 adhuc
756 1951 858 2000 udis
885 1949 1116 2011 nascitur,
1160 1968 1296 2012 ecce,
1336 1956 1483 2017 genis.

303 2029 442 2091 Qae
465 2027 649 2073 Natum
680 2021 995 2088 ampleecens‚
1020 2019 1097 2068 sed
1115 2024 1218 2086 jam
1242 2024 1397 2069 minus
1413 2038 1581 2089 aegra,
1615 2023 1866 2091 favensque

368 2099 441 2144 Ut
469 2108 637 2140 tenero
659 2095 810 2137 Patris
835 2091 956 2135 vidit
979 2094 1029 2134 in
1054 2105 1135 2134 ore
1158 2103 1325 2149 notas;

301 2163 477 2212 Dulces
495 2159 738 2225 relliquiae
768 2159 891 2224 rapti
916 2155 1088 2204 salvete
1118 2160 1360 2220 Parentis,

367 2236 733 2295 Extremumque
760 2224 825 2273 sui
851 2229 1023 2293 pignus
1054 2230 1255 2287 amoris,
1297 2231 1376 2276 ait.

302 2304 504 2366 Qanto
523 2303 625 2365 jam
648 2295 815 2344 melius
844 2295 1000 2343 casum
1024 2293 1224 2343 Frisonis
1252 2295 1490 2363 adempti,

374 2368 573 2419 Frisonis
594 2369 739 2416 matri
764 2365 876 2413 dum
898 2364 1011 2412 licet
1044 2361 1158 2425 effe,
1199 2364 1324 2415 fero!

302 2445 440 2492 Unus
467 2442 596 2487 enim
620 2450 694 2497 tu,
736 2437 895 2494 Nate,
930 2451 1091 2483 meum
1117 2434 1266 2482 lenire
1292 2434 1536 2499 dolorem,

368 2512 451 2559 Tu
475 2521 663 2577 poteras
691 2504 825 2552 fletus
858 2501 1039 2564 sistere,
1078 2507 1238 2564 Nate,
1278 2522 1424 2555 meos·

303 2578 499 2640 Cresce,
539 2581 685 2637 Puer,
723 2574 938 2622 rediviva
963 2576 1030 2620 tui
1056 2575 1299 2621 Genitoris
1329 2577 1523 2643 imago,

371 2653 479 2716 Spes
506 2664 639 2706 mea,
679 2648 788 2712 Spes
813 2646 1027 2703 Patriae,
1068 2640 1222 2690 cresce
1246 2657 1412 2691 renata
1436 2659 1568 2694 tuae:

303 2722 469 2780 Dixit,
512 2724 556 2765 &
585 2717 824 2782 accipiens
853 2712 1043 2781 placida
1068 2731 1193 2761 nova
1216 2713 1387 2780 gaudia
1411 2730 1572 2764 mente
1588 2754 1603 2776 ,

370 2786 565 2855 Pigebat
585 2787 759 2834 teneris
788 2781 946 2831 oscula
972 2786 1125 2850 prima
1152 2782 1310 2832 labris.

304 2858 448 2905 Felici
475 2870 612 2924 partu
638 2851 875 2923 gaudebat
901 2856 1044 2913 civis,
1085 2859 1130 2900 ὃς
1155 2852 1241 2900 illo

376 2929 512 2975 Tota
534 2926 784 2993 puerperio
810 2925 969 2971 Patria
994 2922 1120 2970 laeta
1145 2921 1248 2970 fuit.

305 2995 540 3044 Paulatim
565 2994 716 3044 solido
739 2990 1035 3041 succrescunt
1064 2990 1238 3039 robore
1259 2994 1379 3039 vires
1394 3033 1408 3053 ,

368 3066 697 3133 Vivacemque
720 3065 875 3126 Deus,
917 3079 1060 3131 quem
1086 3061 1244 3123 dedit,
1286 3058 1372 3110 effe
1394 3061 1542 3128 jubet.

1788 3135 1865 3179 In-
