2096 3585
1040 215 1061 280 (
1093 232 1155 276 42
1197 217 1212 277 )

363 283 556 332 Publica
572 288 678 350 jura
699 282 855 343 urbis,
895 300 1090 351 precor,
1130 291 1178 332 &
1202 289 1388 352 privata
1411 302 1567 354 tuere,

427 358 624 402 Munera
645 370 763 422 quae
786 357 986 402 Domini
1008 352 1140 402 sacra
1162 354 1331 403 dedere
1353 364 1461 408 mei.

359 423 576 472 Libertas
601 462 614 483 ‚
661 422 820 472 sancto
843 423 1052 491 gaudent
1081 441 1175 490 quo
1200 429 1394 473 nomine
1422 433 1546 477 cives

430 493 563 541 Salva
588 491 668 553 fit,
713 491 925 562 auspiciis
951 493 1294 563 incolumisque
1317 499 1422 544 tuis.

359 565 547 626 ingerat
575 561 668 610 huc
693 581 876 611 merces
901 561 1107 625 securus,
1149 571 1193 612 &
1221 580 1384 631 egerat
1405 565 1520 615 illuc

422 634 691 693 Mercator,
731 647 885 681 tutum
910 631 1100 701 quisque
1123 632 1336 701 sequatur
1363 638 1470 697 iter,

357 699 527 747 Merka
548 719 691 767 vagus
715 702 880 749 refluat
908 702 1049 749 nullis
1077 702 1290 770 angustus
1317 709 1493 766 arenis,

421 772 598 817 Pronus
627 769 875 819 inoffensas
902 770 1130 819 subvehat
1159 790 1298 821 amne
1326 789 1466 824 rates.

355 841 499 885 Curia
525 837 733 900 Justitiae
759 841 887 889 cultu
913 841 1208 909 praefulgeat
1225 882 1238 903 ,
1282 850 1326 891 δε
1349 842 1404 891 sit

312 903 316 905 ’
420 911 628 975 Purpura
655 908 835 958 fincero
863 906 1200 976 conspicienda
1225 911 1346 961 foro.

355 981 577 1044 Accipiat
601 979 781 1027 Consul
803 980 985 1028 sanctos
1001 1021 1013 1041 ,
1056 997 1136 1029 tua
1160 1000 1383 1043 munera,
1429 981 1574 1032 fasces
1590 1023 1605 1045 ‚

417 1051 675 1095 Auctorem
701 1065 896 1116 propter
922 1051 1065 1117 pluris
1094 1051 1316 1099 habenda
1339 1052 1483 1102 suum.

348 1113 662 1183 praescriptas
688 1117 837 1166 servet
861 1120 988 1187 leges
1027 1127 1070 1167 &
1092 1125 1198 1186 jura
1222 1125 1418 1170 Senator
1434 1162 1449 1183 ‚

419 1185 622 1253 Qiaque
648 1187 844 1252 jubent,
885 1193 1014 1236 recto
1039 1195 1231 1256 pectore
1251 1189 1434 1259 semper
1459 1207 1549 1242 eat.

347 1253 580 1302 Praesidio
608 1259 808 1305 Domini
833 1258 1036 1307 feliciter
1063 1264 1222 1326 exigat
1253 1278 1416 1309 aevum
1434 1301 1449 1322 ‚

415 1326 471 1370 Et
497 1323 655 1372 secura
677 1325 756 1373 sub
782 1326 877 1374 hoc
902 1332 1002 1376 otia
1028 1332 1140 1376 civis
1167 1345 1292 1397 agat.
1359 1326 1362 1330 ’
1516 1369 1517 1372 ¹

344 1394 443 1438 Sint
467 1395 633 1460 procul
664 1395 864 1443 infames
893 1401 1063 1444 animis
1089 1397 1379 1447 discordibus
1405 1403 1529 1459 irae,

408 1461 547 1510 Sciffa
569 1482 657 1511 nec
681 1468 730 1512 in
756 1482 913 1532 partes
937 1470 1066 1513 curia
1085 1466 1313 1510 diffideat·

340 1535 435 1579 Pax
459 1530 625 1580 urbem
650 1534 1040 1580 circumvolitans
1065 1530 1336 1578 rorantibus
1363 1532 1449 1579 alis

403 1603 591 1648 Semina
618 1600 823 1650 fincerae
846 1600 1036 1665 spargat
1061 1602 1314 1649 amicitiae.

334 1673 473 1718 Mens
497 1688 662 1717 omnes
689 1684 799 1735 agat
825 1685 919 1716 una
944 1687 954 1716 :
984 1675 1028 1716 &
1059 1669 1206 1736 longa
1231 1669 1409 1718 oblivia
1430 1669 1611 1722 Lethes

407 1742 451 1786 Si
475 1756 566 1807 qua
589 1737 652 1787 est
673 1738 904 1787 invidiam
919 1777 933 1799 ‚
976 1736 1297 1808 diffidiumque
1321 1755 1558 1808 premant.

336 1810 408 1856 Sic
434 1806 639 1876 expreffa
662 1826 809 1856 novas
830 1815 1007 1856 'ornent
1024 1807 1235 1878 >infignia
1265 1829 1420 1874 ceras,

400 1883 613 1946 Actaque
637 1875 875 1927 Frisonem
900 1877 1092 1946 publica
1119 1879 1278 1928 fronte
1303 1895 1489 1948 gerant.

335 1951 407 1996 Sic
433 1963 511 1995 tua
538 1947 763 1996 Bredanis
787 1948 1052 1997 scribantur
1079 1954 1278 1998 nomina
1306 1949 1460 2012 fastis,

398 2024 453 2066 Et
478 2021 713 2067 Dominos
739 2022 862 2068 inter
887 2018 1020 2088 saepe
1046 2020 1206 2088 legare
1231 2038 1380 2069 meos.

333 2087 489 2135 Altius
514 2104 561 2134 at
585 2087 768 2146 nostro,
809 2091 965 2133 donec
988 2094 1096 2134 mea
1120 2094 1312 2137 moenia
1336 2088 1548 2150 stabunt,

398 2159 561 2220 Quam
587 2172 694 2203 cera
720 2169 797 2203 aut
821 2153 972 2217 fastis,
1011 2161 1203 2223 pectore
1227 2156 1344 2207 fixus
1367 2163 1470 2207 eris.

1183 2338 1233 2391 Ρ.
1305 2347 1364 2395 G.
1436 2319 1889 2398 CRoYziz.

398 2513 482 2561 Dit
515 2505 863 2559 bovenstaande
913 2491 1159 2575 Latynsch
1197 2509 1378 2577 Gedigt
1414 2512 1453 2556 is
1484 2508 1604 2558 door
1635 2511 1728 2559 den
1762 2518 1892 2564 Heer

328 2581 486 2647 Philip
511 2578 705 2630 Willem
744 2578 959 2644 Croyze’‚,
983 2577 1098 2626 soon
1113 2594 1204 2625 van
1218 2578 1308 2626 den
1332 2583 1459 2627 Heer
1482 2582 1531 2629 P.
1573 2583 1630 2629 G.
1669 2584 1888 2650 Croyzci,

329 2668 386 2699 en
424 2649 619 2699 Student
654 2652 704 2697 in
727 2647 783 2696 de
809 2649 1066 2715 Medicyne
1102 2647 1232 2697 aldus
1269 2652 1320 2697 in
1355 2655 1389 2701 't
1413 2649 1765 2702 Nederduitsch
1786 2672 1893 2707 ver·

328 2722 469 2770 taald.

1703 3160 1877 3207 BREn
