2096 3585
1082 229 1102 288 r
1141 227 1198 272 ιε
1233 226 1252 291 )

382 352 438 397 Et
464 348 588 396 Fatis
614 347 809 392 inventa
839 342 917 388 via
942 336 1028 386 est!
1068 336 1206 384 datur
1233 349 1318 382 ora
1339 339 1459 384 tueri

449 413 573 465 Friso
600 428 705 474 tua,
748 418 791 459 δε
816 407 987 457 faustos
1013 406 1149 455 edere
1171 402 1298 472 poffe
1321 402 1473 455 sonos.

381 491 504 552 Ergo
526 481 629 550 post
651 484 849 548 longam
874 478 1020 547 surgit
1043 477 1123 524 lux
1146 473 1348 522 candida
1371 474 1582 523 noitem!

446 555 559 616 Qia
585 555 713 619 prior
739 557 854 600 ans
880 548 1012 598 nulla
1036 546 1227 613 reliquit
1253 561 1408 611 aquas.

378 626 429 669 In
457 638 600 689 quam
625 620 801 669 tutelae
825 618 937 667 felix
963 614 1180 667 successio
1207 612 1391 663 nostrae

447 695 502 739 Et
532 694 730 739 Domini
759 689 985 738 adventus
1011 685 1184 733 incidit
1212 683 1334 730 hora
1357 686 1467 731 mei.

373 764 517 808 Hunc
544 779 634 827 ego
660 758 936 808 Luciferum
960 754 1080 804 mihi
1106 756 1383 801 Memnonis
1410 769 1546 801 aurea
1573 755 1731 801 Mater

440 829 641 879 Adferat
670 834 720 878 in
746 826 915 888 roseis,
955 825 1088 892 saepe
1111 821 1366 891 precabar,
1408 826 1561 888 equis:

371 899 579 960 Attulit,
623 917 759 959 ecce,
801 899 948 954 duos3
983 894 1120 942 Caeli
1149 892 1402 960 spectabile
1427 895 1621 959 Signum

438 973 658 1037 Occupat
684 969 793 1028 hic,
836 966 1259 1034 partemcorporis
1282 961 1361 1009 ille
1387 965 1470 1009 tui.

369 1038 669 1105 Stelligerum
693 1037 899 1105 agnosco
929 1038 1114 1101 pectus3
1154 1032 1216 1080 s1c
1245 1029 1454 1080 Caesaris
1478 1031 1595 1080 olim

432 1107 629 1174 Insignis
657 1110 811 1175 patrio
836 1103 982 1153 sidere
1009 1101 1135 1150 cassis
1157 1117 1283 1149 erat:

365 1176 549 1224 Salvete
575 1195 604 1224 o
629 1177 741 1225 almi
767 1175 912 1223 radiis
938 1171 1211 1220 caelestibus
1238 1174 1400 1237 ignes!

428 1244 667 1294 Assiduum
691 1244 847 1294 nostra
871 1242 1078 1312 spargite
1100 1246 1149 1289 in
1174 1240 1288 1288 urbe
1307 1238 1462 1306 jubar.

361 1320 504 1382 Saepe
530 1317 747 1383 equidem
770 1313 1046 1362 dubitabam
1072 1315 1262 1370 animo,
1303 1308 1439 1377 saepe
1462 1307 1559 1375 ipsa
1582 1307 1843 1376 negabam,

431 1387 538 1432 Tot
563 1384 759 1433 volvens
786 1382 968 1443 causas,
1010 1397 1056 1429 te
1081 1379 1199 1428 mihi
1225 1376 1351 1447 poffe
1377 1381 1492 1427 dari.

361 1452 601 1514 Mascula,
641 1453 735 1501 sors
764 1457 924 1521 potior
948 1467 1135 1519 partus,
1179 1457 1222 1496 &
1248 1447 1498 1509 posthuma
1524 1446 1708 1509 proles,

425 1526 532 1570 Nec
560 1538 713 1571 tutum
739 1522 962 1589 gravidae
989 1517 1155 1559 crebra
1181 1515 1415 1576 gementis
1442 1530 1574 1562 onus.

353 1593 484 1640 Tum
507 1595 588 1659 qui
615 1591 824 1638 nascenti
846 1584 971 1629 casus
987 1619 999 1639 ‚
1017 1594 1224 1647 natoque
1249 1581 1519 1638 minantur,

417 1664 547 1706 Ante
573 1673 698 1705 aetas
722 1670 864 1723 quam
888 1666 934 1698 te
958 1649 1072 1697 fecit
1102 1648 1264 1698 adulta
1287 1652 1457 1699 virum.

349 1727 553 1776 Accedit
577 1725 699 1774 saevi
727 1741 875 1791 nuper
899 1720 1135 1768 violentia
1159 1717 1348 1780 morbi,

416 1800 457 1845 Si
483 1814 583 1844 non
604 1796 765 1843 divina
789 1792 939 1841 fracta
965 1786 1116 1838 fuiffet
1145 1807 1249 1857 ope.

347 1867 448 1930 Qui
474 1882 602 1913 mare
618 1905 631 1926 ,
670 1864 947 1930 sanguineas
971 1860 1134 1908 Rheni
1158 1864 1236 1927 qui
1262 1856 1420 1907 viseris
1441 1859 1587 1909 undas
1603 1901 1617 1922 ‚

410 1939 670 2003 Eugenium
686 1974 699 1995 ,
741 1941 786 1982 δε
807 1934 973 1999 magni
998 1928 1207 1977 Caesaris
1232 1945 1363 1976 arma
1386 1928 1594 1996 sequens.

344 2009 454 2054 Hoc
482 2023 572 2071 ego
597 2019 643 2052 te
668 2003 862 2052 tandem
887 1998 1074 2049 caelesti
1097 2002 1313 2046 Numine
1336 1997 1516 2046 salvum

409 2078 615 2139 Accipio
642 2072 850 2139 gaudens
875 2070 1262 2135 incolumemque
1287 2065 1399 2116 sinn.

339 2147 396 2191 Et
420 2141 584 2210 quibus
611 2155 719 2187 ante
742 2143 935 2186 Patrum
960 2134 1079 2182 mihi
1106 2139 1311 2203 contigit
1335 2153 1418 2183 ora
1442 2140 1592 2196 tueri,

407 2209 646 2259 Frisonem
672 2207 876 2275 adspicio
908 2222 1036 2253 nunc
1061 2222 1151 2271 ego
1177 2204 1457 2265 luminibus,-

340 2281 580 2328 Frisoncm
605 2278 866 2346 amplecSmr
882 2315 896 2337 ,
937 2289 1103 2322 natum
1129 2272 1392 2339 Majoribus
1417 2274 1538 2335 illis,

406 2351 627 2414 Qiorum
643 2388 656 2410 ,
697 2347 851 2396 donec
875 2362 984 2404 ero,
1027 2361 1104 2392 me
1127 2340 1387 2391 meminiffe
1406 2347 1552 2410 juvet.

338 2419 443 2467 Plus
468 2418 609 2467 semel
634 2418 746 2465 huic
770 2417 907 2464 lateri
931 2412 1142 2480 gladium
1168 2412 1349 2482 fregere
1373 2417 1664 2476 minantem,

404 2493 459 2537 Et
481 2493 611 2556 jacto
638 2490 761 2535 cives
792 2483 1031 2533 adseruere
1052 2486 1184 2549 jugo.

312 2561 454 2607 'Non
483 2558 788 2624 indignantes
819 2553 1041 2621 ampleffi
1068 2550 1272 2599 molibus
1301 2550 1494 2614 urbem,

406 2632 462 2676 Et
485 2627 650 2676 titulos
674 2630 796 2675 inter
822 2642 900 2673 me
924 2638 1172 2670 numerare
1197 2619 1316 2670 suos.

335 2700 563 2745 Mauritio
588 2697 744 2764 placui
771 2709 874 2743 aute
901 2694 1014 2741 alios
1031 2731 1044 2753 ‚
1087 2694 1228 2759 inque
1250 2691 1373 2739 illius
1400 2710 1481 2740 ore

401 2771 544 2815 Fama
569 2765 713 2814 refert
738 2783 912 2814 nomen
937 2762 1071 2828 saepe
1095 2759 1225 2809 fuisse
1248 2779 1420 2811 meum.

334 2841 420 2885 His
447 2855 536 2903 ego
559 2836 801 2905 quondam
827 2834 976 2882 oculis
1000 2832 1099 2878 vidi
1123 2830 1202 2880 sub
1235 2832 1484 2881 moenibus
1509 2835 1622 2884 olim

402 2909 525 2953 Seria
548 2903 795 2955 Nassavios
820 2903 949 2953 bella
976 2919 1170 2949 movere
1194 2904 1365 2952 Duces.

332 2977 420 3021 His
445 2993 533 3042 ego
558 2976 800 3045 quondam
825 2972 973 3022 oculis
993 3011 1007 3033 ,
1049 2970 1126 3020 sed
1151 2986 1252 3019 tum
1277 2977 1430 3020 minus
1459 2977 1622 3036 anxia,
1663 2973 1760 3023 vidi

396 3046 526 3091 Intra
553 3045 747 3107 urbem,
787 3043 907 3094 fictis
934 3041 1097 3092 ludere
1123 3039 1250 3090 bella
1274 3042 1442 3093 modis.
1728 3111 1797 3174 Q
1943 3100 1948 3106 ¹

1784 3125 1891 3158 uam
