2096 3585
878 196 1052 263 (37)

176 269 220 312 O
247 268 458 330 quotics,
498 267 651 324 Deus,
691 267 949 326 Auriacos‚
989 267 1172 327 dixere,
1215 272 1437 330 PenateS,

239 340 294 383 Et
318 335 442 383 serva
469 348 628 380 tantae
651 332 827 382 semina
850 334 996 402 digna
1018 336 1206 385 domus:
1272 376 1274 378 .

174 412 308 456 Serva
332 405 388 451 de
412 401 542 451 busto
568 418 732 450 natum
762 404 1004 453 Phoenica
1029 422 1257 473 paterno,
1290 430 1293 432 ·

237 473 487 521 Phoenicis
514 472 684 538 longos
709 472 769 518 da
797 491 1041 521 numerare
1066 476 1178 524 dies,

169 542 360 595 Nobilis
387 547 563 609 irriguo
589 538 765 587 crescat
790 541 917 588 velut
945 542 1084 589 arbor
1108 547 1156 590 in
1183 543 1355 606 horto,

240 618 350 662 Ncc
376 612 530 659 laedat
555 612 757 671 Boreas,
795 609 929 658 saeva
955 630 1042 659 nec
1064 628 1167 660 urat
1189 611 1369 679 hyems„

168 688 296 732 Inter
323 683 546 730 odoratos
574 679 794 747 sedqnae
821 680 1090 729 viridiffima
1114 681 1250 730 flores

235 751 495 801 Frondibus
521 753 720 796 aeternis
746 766 882 797 aurea
906 750 1032 797 mala
1057 750 1193 801 ferat.

167 827 271 885 Jam
298 821 436 868 video
461 822 688 886 gemitUS‚
731 825 776 866 &
799 817 940 866 verba
963 820 1120 867 valere
1143 824 1354 887 piorum,

239 891 409 955 Qialis
435 906 532 938 eras
554 891 676 935 votis
692 928 704 948 ‚
748 890 872 936 Friso
888 928 902 950 ‚
944 893 1141 956 petitus,
1183 890 1305 939 ades,

170 960 420 1028 Postquam
443 956 538 1008 visa
562 959 678 1006 sacri
700 956 874 1005 fuerint
901 958 1102 1025 insignia
1129 960 1322 1026 templi,

239 1028 441 1096 Adspice
466 1025 643 1076 secreto
667 1025 796 1074 busta
819 1026 1012 1095 superba
1036 1028 1161 1078 loco,

168 1099 373 1167 Adspice
396 1099 452 1145 de
476 1101 614 1146 Pario
637 1095 863 1164 spirantes
889 1115 1126 1146 marmore
1151 1097 1332 1161 vultus,

234 1173 492 1216 Auctorem
519 1166 721 1215 Phidian
746 1167 1088 1215 Praxitelemve
1113 1184 1260 1234 putes.

169 1242 305 1286 Ferre
328 1237 430 1284 suos
455 1235 614 1284 solitus
639 1235 776 1283 coelo
798 1240 1043 1284 Romanus
1071 1237 1278 1284 honores

239 1310 349 1355 Hoc
374 1304 492 1353 mihi
521 1303 728 1352 laudavit
751 1303 884 1371 saepe
907 1309 1062 1353 viator
1087 1323 1218 1372 opus‘

164 1376 437 1435 NobilitaS,
485 1374 716 1442 spiretque
752 1379 856 1422 cavi
883 1378 1147 1423 reverentia
1169 1374 1290 1436 saxi,

235 1442 346 1492 offa
369 1458 530 1491 tamen
558 1445 711 1488 multo
738 1443 977 1485 nobiliora
1006 1448 1142 1505 tegit.

162 1517 363 1563 Henrici
389 1510 517 1578 quod
546 1523 674 1566 erat,
714 1506 840 1574 quod
867 1522 965 1553 erat
991 1510 1194 1557 mortale
1225 1515 1401 1562 Renati

231 1586 327 1631 Hic
344 1584 472 1646 jacet
489 1618 500 1638 ‚
542 1582 664 1625 inter
688 1580 819 1624 Avos
842 1579 1039 1623 nomina
1060 1594 1238 1644 quanta
1259 1583 1389 1630 tuos!

165 1656 238 1703 Ut
259 1650 421 1699 sileant
445 1652 611 1696 Manes
636 1649 770 1695 :vivit
793 1643 896 1713 post
917 1644 1082 1693 funera
1104 1645 1260 1708 fama,
1389 1645 1392 1648 ’

232 1721 345 1769 Inde
372 1736 451 1786 per
475 1718 697 1766 haeredes
724 1716 1048 1764 continuanda
1070 1715 1186 1766 suos.

168 1788 334 1859 Egi-effi
358 1788 474 1836 hinc
497 1805 586 1857 qua
610 1805 695 1835 nos
721 1790 797 1834 via
820 1786 949 1833 ducit
974 1786 1070 1833 lata
1092 1784 1363 1855 sequamur,

233 1867 310 1909 Ne
338 1873 499 1906 tamen
526 1863 576 1904 in
603 1859 700 1904 lata
728 1855 781 1902 sit
808 1874 942 1903 mora
966 1856 1114 1922 longa
1141 1861 1231 1907 via.

166 1928 372 1992 Justitiae
396 1926 561 1975 domus
585 1926 705 1974 haec
728 1925 894 1973 sanetis
918 1924 1098 1973 sacrata
1124 1925 1345 1975 ministris

242 2003 294 2046 In
319 1997 474 2045 medio
503 1997 711 2044 frontem
734 1994 863 2042 tollit
891 1996 947 2042 ad
973 1995 1091 2043 astra
1114 1995 1235 2045 foro.

170 2073 213 2117 Si
240 2069 445 2116 formam
466 2065 669 2134 spectes,
710 2062 936 2131 exesisque
962 2063 1121 2130 aspera
1146 2065 1289 2129 fignis

235 2142 374 2197 Saxa,
414 2140 596 2196 minus,
637 2135 821 2194 fateor,
860 2131 1129 2180 nobilitatis
1154 2131 1315 2179 habet.

169 2211 402 2256 lnteriora
426 2218 599 2251 ornant
628 2204 737 2249 leffi
765 2202 1027 2266 penetralia
1050 2206 1241 2261 Patres,

242 2279 379 2339 Qios
405 2272 481 2320 sua
507 2270 814 2319 commendat
841 2270 938 2318 laus
962 2277 1007 2318 δε
1034 2273 1182 2318 avitus
1208 2269 1392 2330 honor,

171 2347 330 2405 Salve,
372 2341 527 2390 sancta
549 2345 757 2400 Domus,
799 2339 971 2387 salvete
995 2338 1182 2399 sedilia,
1222 2356 1421 2406 quorum

244 2420 452 2481 Purpura
479 2411 570 2459 fert
596 2409 772 2458 nostras'
798 2408 1044 2457 ambitiosa
1069 2426 1245 2456 cruces.

171 2483 458 2535 Praestantes
482 2479 653 2528 salvete
675 2482 789 2539 viri,
832 2478 995 2546 quibus
1020 2478 1101 2526 ille
1129 2482 1250 2525 tueri

241 2560 297 2604 Et
322 2552 397 2601 sua
419 2554 608 2618 juratis,
650 2557 695 2598 δε
719 2566 825 2597 mea
849 2548 979 2597 sacra
1000 2548 1143 2598 dedit.

172 2624 376 2689 Justitiae
400 2639 571 2669 vanum
595 2638 694 2667 non
718 2617 809 2680 cst,
850 2618 971 2667 mihi
998 2618 1200 2679 credite,
1243 2620 1466 2680 Numen,

244 2698 352 2742 Nec
380 2691 433 2739 fit
456 2689 710 2758 parietibus
738 2686 858 2750 fixa,
899 2707 987 2737 nec
1016 2702 1124 2736 ante
1149 2689 1298 2736 fores:

174 2761 442 2815 Pectoribus
467 2757 624 2807 vestris
649 2757 823 2807 habeat
849 2756 1125 2807 sanctiffima
1146 2757 1328 2819 sedern,

240 2830 531 2899 Splendidius
554 2829 686 2877 nullo
712 2826 889 2876 fulserit
911 2829 994 2877 illa
1015 2829 1143 2889 loco,

175 2902 303 2952 Illius
326 2919 381 2948 ex
402 2900 494 2947 hac
520 2914 653 2966 parte
675 2897 796 2945 mihi
819 2896 849 2945 fi
874 2897 1054 2947 flaverit
1077 2915 1186 2946 aura
1202 2938 1216 2959 ‚

240 2969 452 3022 Vexabit
476 2967 679 3016 nostram
705 2966 834 3015 nulla
858 2968 1069 3035 procella
1092 2984 1257 3016 ratem.

183 3047 478 3090 Ornamenta
501 3051 629 3085 vetat
653 3039 879 3104 quoniam
900 3037 1053 3085 brevis
1077 3036 1197 3085 hora
1225 3036 1393 3085 referre

254 3113 458 3170 Omnia,
498 3107 556 3156 de
578 3110 720 3158 muris
743 3110 905 3173 accipe
930 3124 1078 3174 pauca
1101 3110 1230 3155 meis.

991 3178 1040 3224 K

1634 3176 1726 3236 Afss
