2096 3585
1155 272 1177 302 2

362 331 447 381 Sed
479 329 604 400 quod
625 324 858 377 Nassaviis
887 341 1014 373 nunc
1034 253 1333 391 ilgse3ca2eret
1356 325 1573 374 Alumnis

427 406 482 450 Et
507 401 720 447 Domino
746 394 864 442 haec
890 392 1000 442 effet
1024 410 1123 440 non
1148 390 1366 439 habitata
1391 393 1570 442 domus.

363 470 549 518 Scilicet
577 467 667 515 hos
692 481 855 513 omnes
881 466 1005 511 Deus
1034 460 1114 509 ille
1143 459 1200 509 ab
1224 464 1411 527 origine
1437 465 1588 528 prima

427 542 672 597 Noverat,
715 541 759 583 &
788 535 983 601 propria
1007 528 1207 578 finxerat
1234 545 1331 578 arte
1355 534 1497 579 viros,

361 612 606 666 Finxerat,
646 611 691 653 &
719 603 856 651 claris
879 600 1083 668 infignes
1109 599 1285 647 fecerat
1316 601 1484 660 armis,

431 676 636 724 Militiae
664 673 928 739 exemplum
954 667 1311 737 praeposuitque
1332 667 1447 718 suae.

359 749 580 810 Quorum
604 742 801 791 Rhenus
829 754 928 788 erat
950 736 1075 787 testis
1101 737 1390 798 virtutibus,
1420 745 1464 786 &
1490 751 1540 785 tu

425 819 567 882 Saepe
594 814 846 860 cruentatis
872 808 1008 858 Mosa
1029 807 1240 855 bicornis
1268 812 1410 874 aquis.

358 889 414 932 Et
435 884 622 952 rapidus
644 879 866 929 Schaldes
892 876 1130 927 caesorum
1159 875 1373 944 angustus
1399 880 1600 937 acervis,

425 954 553 1001 Sabis
577 960 622 1001 &
650 950 859 999 humana
884 963 999 997 tunc
1023 964 1208 1015 quoque
1237 946 1378 994 caede
1403 961 1582 1013 tepens,

359 1022 516 1072 Testis
542 1029 585 1070 &
610 1027 658 1069 in
684 1019 897 1068 Flandris
927 1021 1048 1066 acies
1078 1016 1400 1064 memorabilis
1426 1020 1572 1077 arvis,

431 1092 521 1139 Illo
545 1107 687 1159 quam
711 1087 854 1136 dubia
878 1086 941 1135 est
966 1087 1067 1134 alea
1088 1089 1216 1150 jaeta
1251 1087 1349 1134 die!

359 1165 486 1209 Ante
512 1159 675 1207 oculos
701 1156 855 1207 hostes
872 1198 886 1219 ,
928 1154 1070 1205 aestus
1096 1154 1199 1222 post
1225 1170 1357 1224 terga
1381 1159 1577 1215 marini,

423 1234 477 1279 In
502 1230 659 1277 medio
690 1226 867 1294 positae
891 1228 990 1294 spes
1015 1233 1059 1274 δε
1087 1242 1198 1292 opes
1222 1228 1414 1292 patriae.

359 1301 527 1348 Audax
555 1301 806 1346 Mauritius
833 1294 1055 1361 rebusque
1083 1292 1336 1341 animosior
1363 1297 1496 1342 arffls
1510 1334 1524 1356 ,

422 1372 714 1427 Vincamus,
757 1368 981 1425 comites,
1024 1377 1101 1410 aut
1126 1366 1415 1423 moriamur,
1457 1367 1534 1412 ait.

360 1442 466 1487 Heu
498 1440 681 1505 quoties
708 1435 844 1483 bellis
870 1437 1060 1483 tremuit
1086 1431 1328 1481 navalibus
1353 1436 1548 1495 aequor!

429 1511 567 1572 Qiot
595 1509 736 1552 maris
771 1508 1024 1566 armigeras
1048 1500 1223 1542 sustulit
1246 1494 1371 1542 unda
1394 1500 1539 1544 rates!

357 1580 541 1644 Saepius
566 1589 616 1621 ut
641 1571 790 1620 vastas
814 1566 1075 1618 formidans
1101 1567 1287 1631 gurgite
1311 1580 1489 1630 puppes

422 1642 762 1710 Nympharum
787 1649 1010 1704 caperent
1035 1650 1142 1681 cum
1165 1637 1300 1682 Patre
1325 1632 1462 1681 turba
1485 1632 1662 1701 fugam.

357 1712 554 1764 Claffica
578 1707 818 1758 terrebant
839 1709 1042 1754 Batavos
1070 1701 1259 1751 hostilia
1280 1718 1441 1771 portus
1456 1743 1470 1764 ,

424 1779 700 1831 Horrebant
724 1775 927 1825 tremulo
954 1775 1119 1824 littora
1144 1789 1285 1821 curva
1307 1788 1448 1823 metu,

358 1856 543 1901 Cun&a
564 1846 865 1897 minabantur
889 1843 1071 1893 lethum
1095 1859 1309 1911 terraque
1330 1847 1566 1910 marique,

431 1925 574 1989 Inque
599 1918 696 1966 finu
721 1920 869 1985 captis
893 1912 1083 1962 urbibus
1105 1911 1250 1961 hostis
1275 1927 1389 1963 erat.

360 1995 518 2057 Major
542 2000 673 2037 uter?
712 1989 920 2035 Patriam
946 1986 1129 2052 peperit
1153 1986 1232 2050 qui
1258 1998 1473 2049 tempore
1498 1985 1680 2049 primo?

425 2066 502 2108 An
526 2062 605 2127 qui
630 2056 856 2115 servavit,
901 2072 1008 2102 cum
1031 2055 1238 2116 peritura
1261 2049 1375 2099 fuit?

358 2133 425 2177 En
455 2127 542 2175 tibi
564 2130 664 2191 jam
689 2121 820 2170 vei-so
844 2120 1085 2168 solvuntur
1112 2119 1304 2166 cardine
1327 2120 1520 2181 valvae,

423 2197 682 2262 Accipiant
707 2194 970 2240 Dominum
996 2191 1124 2255 regia
1149 2191 1271 2235 testa
1297 2186 1439 2238 suum.

358 2266 558 2333 Fulgent
586 2262 778 2310 induem
803 2259 1040 2327 laquearia
1064 2256 1243 2304 summa
1267 2257 1492 2318 metallo,

426 2333 577 2383 Ardet
603 2333 826 2380 inauratis
847 2333 992 2395 janua
1016 2326 1136 2374 fulta
1162 2324 1282 2375 seriS.

360 2411 618 2454 Armorum
644 2403 800 2447 varios
825 2412 988 2446 tenera
1010 2393 1090 2443 sub
1116 2399 1323 2462 imagine
1350 2393 1468 2443 lusus

427 2471 642 2521 Molliter
667 2464 897 2536 expressos
923 2464 1114 2513 exhibet
1141 2464 1235 2530 ipse
1259 2463 1405 2512 focus,

361 2544 445 2592 Ille
469 2559 579 2611 puer
601 2537 716 2587 vasti
746 2537 881 2605 galea
907 2549 1047 2601 caput
1072 2533 1203 2581 abdit
1227 2532 1461 2593 Achillis,

427 2616 480 2660 ln
505 2610 667 2679 galeae
701 2606 831 2656 vasto
856 2605 1046 2654 flu&uat
1070 2602 1184 2650 orbe
1209 2616 1363 2670 caput.

362 2686 457 2731 Hic
483 2694 652 2728 contra
677 2674 896 2725 umbroso
920 2676 1041 2740 tegit
1069 2691 1119 2720 os
1145 2670 1454 2741 humerosque
1479 2673 1668 2741 galero,

433 2754 560 2799 Huic
589 2747 712 2817 pelle
736 2751 785 2795 in
810 2747 916 2794 laxa
942 2760 1076 2791 crura
1102 2742 1329 2811 pedesque
1355 2757 1536 2793 natant.

363 2821 447 2869 Ille
473 2836 666 2887 gravem
687 2816 849 2883 digitis
874 2818 952 2862 vix
974 2811 1162 2861 sustinet
1186 2815 1405 2861 Ι-Ιεὲὶοῐίε
1433 2811 1586 2861 ensem
1602 2853 1615 2872 ,

429 2892 554 2937 Huic
580 2890 740 2936 tremit
767 2889 817 2933 in
841 2899 1001 2932 tenera
1022 2881 1171 2929 Pelias
1196 2880 1325 2930 hasta
1346 2898 1502 2932 manu.

365 2961 473 3005 Pars
500 2958 601 3005 aliis
625 2957 790 3004 ludunt
814 2954 946 3014 telis3
982 2968 1120 3020 eques
1144 2949 1310 2999 insidet
1336 2951 1442 3012 ille,

436 3026 520 3073 Ille
544 3044 655 3093 puer
684 3025 831 3073 cauda
858 3024 934 3071 vel
960 3020 1110 3070 trahit
1135 3038 1242 3070 aure
1267 3038 1449 3069 canem.

364 3099 498 3144 Haec
525 3113 708 3162 quoque
730 3090 978 3143 Naffavius
1001 3089 1265 3158 spectacula
1290 3106 1454 3138 cernat
1477 3090 1622 3150 Iulus,

431 3166 596 3229 Quum
617 3163 779 3211 ludens
811 3166 991 3228 patrios
1015 3160 1208 3209 cursitat
1232 3176 1341 3208 ante
1367 3162 1525 3208 Lares,
