2096 3585
969 233 991 264 2
1062 222 1079 276 )

184 286 348 347 Quam
372 286 539 350 dignus
564 278 804 331 Succeffor
832 216 961 334 adds!
997 233 1103 334 {uus
1126 286 1279 335 indita
1300 301 1500 355 quorum

258 357 459 405 Virtutis
474 392 488 414 ,
530 351 654 400 Friso
668 392 682 414 ‚
721 352 898 403 semina
920 354 1103 422 sanguis
1126 355 1287 407 habet.

179 427 255 472 Sin
284 427 426 471 etiam
460 422 684 490 exemplis
708 422 847 470 debet
867 423 1088 491 factisque
1108 430 1316 489 moveri,

246 497 315 542 Ut
339 492 449 539 felix
476 492 616 552 alias,
658 498 702 539 &
726 489 847 539 bene
871 506 1005 540 natus
1030 493 1208 542 homo:

177 564 294 610 Non
318 561 425 609 ideo
451 561 600 609 doffis
626 577 818 627 quaeras
846 564 1092 610 imitamen
1116 561 1351 625 Athenis,

247 631 388 679 Clara
411 648 498 678 nec
521 628 754 677 Ausoniae
779 628 905 679 bella
926 629 1135 679 Ducesve
1158 632 1303 700 legas.

172 700 274 767 Ipsa
296 704 561 768 propinqua
585 698 698 760 tibi,
739 714 844 747 toto
867 699 1113 750 clariffima
1134 700 1341 763 mundo,

240 774 430 836 Magnis
452 769 580 817 foeta
601 772 738 830 viris,
779 767 1070 837 inspicienda
1092 770 1285 820 domus:

171 837 273 886 Illic
299 842 509 886 invenies
535 839 696 886 dextra
717 842 796 906 qui
819 843 982 887 vincat
1006 839 1284 902 Achillem,

240 908 372 968 Illic,
412 907 706 955 Dardanium
731 912 810 976 qui
834 912 1011 976 pietate
1039 913 1237 959 Ducem.

169 976 300 1038 Illic,
343 981 415 1025 cui
440 977 541 1025 duri
565 980 796 1044 patientia
821 978 958 1026 cedat
983 978 1180 1045 Ulysfis‚

233 1048 425 1115 Qiique
446 1045 603 1094 senem
623 1046 795 1095 referat
817 1046 1021 1097 Nestora
1044 1047 1255 1098 confilio.

169 1115 273 1164 Illic
297 1116 586 1164 Guilelmum
605 1156 618 1178 ‚
660 1120 816 1183 cuju8‚
859 1136 948 1166 nec
971 1118 1138 1180 fallor,
1182 1123 1342 1187 imago
1367 1138 1440 1181 es,-

235 1185 460 1232 Providus
486 1184 738 1233 haeredem
763 1191 969 1254 repperit
996 1188 1077 1236 ille
1099 1187 1242 1237 suum.

171 1253 254 1302 Ille
277 1253 384 1302 feris
408 1258 576 1320 ingens
606 1269 657 1301 ut
680 1270 778 1303 erat
802 1257 952 1304 metus
980 1256 1218 1319 hostibus,
1256 1275 1350 1306 una

235 1323 559 1390 Temporibus
586 1323 709 1371 duris
732 1322 793 1371 fic
818 1324 906 1373 fuit
930 1342 1008 1373 ara
1029 1325 1132 1376 suiS.

167 1392 268 1453 Illi,
308 1409 399 1460 qua
421 1396 604 1459 potuit,
645 1408 773 1441 tutae
800 1394 1130 1444 moderamina
1151 1398 1286 1444 Pacis

234 1466 405 1526 Regna
429 1477 511 1526 per
531 1463 742 1522 Europae
767 1474 944 1522 ponere
969 1482 1079 1507 cura
1101 1464 1202 1513 fuit,

167 1532 317 1595 Hujus
340 1542 418 1587 ut,
460 1544 515 1573 ex
544 1541 690 1592 aequo
715 1523 897 1572 libratis
921 1526 1130 1592 partibus
1152 1531 1307 1592 orbis,

235 1598 322 1646 Illa
347 1595 448 1644 suos
473 1593 590 1642 fines
614 1592 788 1654 servet,
829 1601 873 1642 &
898 1594 981 1643 illa
1003 1594 1119 1646 suos,

169 1671 307 1717 Neve
336 1670 475 1714 Soror
501 1664 672 1712 Cadmi
700 1661 841 1713 semel
864 1682 960 1712 uno
985 1680 1122 1734 rapta
1146 1681 1351 1732 tyranno

241 1740 395 1787 Unius
421 1734 606 1782 domini
630 1731 709 1781 sub
729 1736 844 1802 juga
872 1732 1018 1784 rursus
1045 1751 1134 1786 eat.

167 1813 222 1856 Et
246 1805 277 1854 fi
301 1809 402 1873 quis
429 1803 557 1852 bello
579 1801 775 1851 inferior
797 1820 1086 1871 premeretur
1109 1810 1299 1875 iniqu0‚

233 1881 298 1923 Ex
319 1877 458 1940 paCto
486 1873 628 1920 ferret
652 1872 822 1919 fortior
849 1874 966 1922 alter
990 1893 1145 1943 opem.

169 1950 241 1993 Sic
266 1961 354 1991 nec
383 1947 432 1990 in
457 1941 584 1990 hanc
607 1955 817 2009 partem,
860 1961 947 1991 nec
970 1943 1014 1992 se
1033 1943 1246 1995 subducit
1271 1951 1321 1995 in
1344 1947 1502 2010 illam,

237 2012 382 2061 Index
402 2010 636 2074 Justitiae,
681 2010 890 2077 pondere
914 2012 1036 2062 libra
1063 2021 1181 2080 pari.

169 2082 252 2131 Ille
278 2081 464 2149 Anglos
487 2083 674 2128 Batavis
696 2097 777 2146 per
803 2095 965 2128 mutua
985 2082 1176 2131 vincula
1196 2087 1377 2149 junxit,

239 2151 452 2202 Vincula
470 2153 571 2216 jam
597 2148 727 2196 nulla
753 2144 1054 2198 sollicitanda
1082 2151 1171 2201 die.

171 2219 345 2272 Vidisti
368 2235 631 2266 memorem
653 2216 858 2265 servatae
886 2223 1038 2285 gentis
1064 2236 1276 2269 amorem
1292 2261 1307 2283 ,

236 2294 293 2337 Et
314 2285 442 2335 versa
466 2290 515 2334 in
538 2286 691 2333 vultus
717 2303 799 2334 ora
821 2290 1051 2336 Britanna
1075 2304 1202 2338 tuos:

173 2359 393 2424 Qialiter
416 2355 675 2404 Albionem
699 2355 786 2402 tibi
810 2355 992 2404 flaverit
1018 2374 1126 2406 aura
1149 2366 1358 2427 petenti,

243 2433 313 2477 Ut
338 2426 531 2474 tulerint
553 2428 749 2492 puppim
774 2425 976 2474 candida
995 2427 1100 2475 vela
1126 2444 1280 2478 tuam:

174 2502 341 2565 thue
370 2494 423 2542 s1t
448 2494 687 2561 amplexus
712 2508 759 2541 te
783 2498 912 2556 Rex,
953 2510 1003 2544 ut
1026 2500 1157 2563 regia
1180 2502 1402 2569 Princeps

237 2566 429 2617 Velarit
454 2564 633 2630 placito
658 2567 849 2630 pectora
877 2564 1000 2613 casta
1020 2570 1137 2616 viro.

173 2637 225 2684 Id
248 2635 334 2683 tibi
356 2633 583 2682 Guilelmi
606 2632 734 2701 quod
759 2639 974 2702 contegit
1006 2634 1092 2684 esse
1117 2643 1311 2705 nepoti,

243 2705 294 2752 Id
320 2721 435 2772 gens
459 2705 622 2750 virtuti
646 2700 768 2750 ceffit
795 2707 948 2752 amica
970 2719 1090 2755 tuae.
1370 2757 1374 2761 ,

173 2778 335 2824 Nemo
361 2773 498 2821 duces
525 2775 675 2832 inter,
716 2790 831 2840 quos
855 2771 975 2822 haec
998 2775 1163 2825 domus
1190 2777 1338 2828 edidit
1364 2780 1484 2842 alta,

242 2845 403 2907 Quem
427 2840 596 2889 referas
620 2842 815 2902 melior,
859 2861 1089 2913 quemque
1106 2849 1335 2911 imiteris,
1373 2865 1485 2899 erat.

174 2913 353 2980 Anglia
381 2928 482 2978 pars
505 2914 668 2978 magni
700 2908 1056 2962 fortunatiffima
1076 2916 1240 2965 mundi

242 2979 507 3048 Despondit
529 2983 711 3027 Natam
732 2983 877 3047 Regis
901 2987 1084 3051 utrique
1106 2985 1185 3034 sui.

177 3050 373 3118 Infignis
396 3049 550 3098 forma
576 3055 620 3097 &
641 3052 816 3115 pietate
839 3053 1038 3099 Stuartia
1060 3055 1217 3120 Virgo

245 3119 474 3169 Guilelmi
501 3116 676 3168 castum
698 3116 919 3185 prefferat
945 3137 1054 3170 ante
1080 3137 1262 3173 torum:

946 3194 996 3240 H

1585 3199 1730 3247 Nunc
