2096 3585
867 187 1051 257 (35)

155 262 288 308 Dant
314 262 497 308 animos
519 256 714 325 plagae,
753 255 940 327 spesque
963 260 1209 311 ambitiosa
1229 265 1483 333 triumphi,

220 332 276 377 Et
296 334 522 396 juvenum
545 326 697 375 multo
722 344 925 396 corpora
946 350 1051 380 rore
1073 332 1282 385 madent.

148 400 257 447 Nec
278 397 444 465 procul
468 396 584 445 hinc
607 397 770 445 eadem
791 399 935 465 pubes
950 441 963 461 ‚
1004 401 1295 453 monstrante
1320 404 1570 474 magistr0‚

220 473 364 538 Seque
392 466 662 527 exercebat,
701 471 1098 538 cornipedemque
1128 491 1317 524 novum.

147 541 250 587 Sive
276 552 416 607 caput
439 534 679 602 laevesque
702 552 856 585 armos
871 577 883 598 ‚
925 537 1016 586 s1ve
1042 540 1182 589 ardua
1205 543 1329 592 colla
1342 583 1356 605 ‚

215 611 299 656 Seu
324 622 491 657 teretes
517 605 656 653 dodra
679 603 880 673 fingeret
905 623 1003 656 arte
1027 609 1192 676 pedes:

147 680 251 725 Sive
271 690 529 727 retentaret
551 674 715 724 fraeno
742 674 986 744 spumante
1011 679 1228 748 fugacem
1242 720 1257 742 ‚

212 748 412 796 Calcare
435 743 509 794 seu
535 745 721 794 tardum
744 747 1019 795 iollicitaret
1050 767 1247 817 equum:

144 816 230 864 Ille
250 817 397 865 modo
420 816 600 864 incedit
624 815 755 863 lenta
779 821 1012 883 gravitate
1038 817 1283 887 superbu8,

214 890 462 953 Aureaque
492 883 661 933 affiduo
687 885 827 934 dente
854 887 1015 955 lupata
1038 892 1175 948 terit;

139 959 287 1004 Nunc
311 956 543 1004 inclinato
569 953 755 1021 stringit
778 955 974 1023 vestigia
1003 957 1158 1019 cursu,

206 1029 526 1094 Exiguumque
548 1023 680 1073 brevi
706 1029 905 1074 circinat
929 1026 1042 1075 orbe
1066 1027 1228 1077 solum,

140 1096 276 1159 Qiin
300 1096 415 1143 alios
441 1099 586 1143 etiam
609 1093 685 1142 sua
709 1113 790 1163 per
816 1096 1015 1163 cellegia
1038 1097 1172 1145 ludos

204 1167 413 1230 Majores
438 1165 555 1212 olim
585 1163 865 1213 constituere
891 1170 972 1215 tui.

136 1237 288 1281 Arma
306 1233 559 1301 locumque
581 1237 691 1281 viris
717 1235 1033 1303 servandaque
1050 1241 1156 1302 jura
1180 1236 1435 1298 dederunt,

202 1302 408 1370 Legibus
431 1318 482 1351 ut
504 1302 703 1363 starent,
744 1311 789 1351 &
816 1304 1005 1352 voluere
1022 1344 1036 1365 ‚
1074 1305 1190 1353 suis:

133 1372 298 1439 thue
320 1372 490 1420 horum
516 1369 624 1420 effet
647 1390 761 1440 opus
788 1372 924 1421 miffis
953 1373 1195 1442 configere
1217 1373 1350 1435 telis,

202 1443 342 1504 Qlae
363 1442 483 1488 celsa
505 1445 553 1486 in
578 1445 691 1505 pinu
716 1441 896 1484 summa
921 1443 1100 1491 sederet
1130 1448 1254 1493 avis:

132 1510 382 1557 Ardebant
407 1510 485 1554 alii
509 1506 722 1571 sclopum
750 1506 1037 1554 contendere
1060 1507 1276 1573 bombis,

199 1582 254 1625 Et
276 1575 475 1645 plumbo
502 1572 770 1642 oppositum
795 1589 990 1642 tangere
1014 1576 1137 1623 velle
1161 1578 1371 1644 scopum.

132 1647 307 1698 vietor
330 1661 453 1707 erat,
495 1660 565 1692 ter
593 1648 671 1713 qui
695 1648 855 1712 tetigit
879 1665 890 1693 :
918 1643 1034 1693 stata
1056 1644 1184 1694 dona
1207 1645 1417 1697 feruntur
1434 1685 1445 1697 .

201 1718 428 1784 Totaque
451 1713 638 1763 festivos
661 1715 796 1762 turba
821 1715 901 1762 dat
928 1733 1008 1764 ore
1034 1713 1186 1764 sonos.

134 1789 181 1834 O
209 1790 310 1834 aevi
334 1785 575 1854 quondam
598 1783 710 1832 felix
736 1788 975 1853 animique
994 1789 1239 1851 juventus!

191 1859 249 1903 Et
269 1874 354 1902 vos
380 1858 586 1919 Majores
604 1892 616 1913 ,
656 1859 785 1920 queis
812 1872 864 1902 ea
890 1872 1000 1902 cura
1031 1854 1141 1904 fuit!

133 1924 325 1972 Scilicet
348 1924 421 1972 his
443 1938 622 1970 veteres
652 1922 884 1971 durabant
911 1942 1113 1992 corpora
1141 1924 1288 1986 ludis,

204 1997 260 2041 Et
285 1993 426 2041 robur
452 1990 678 2040 membris
702 1996 987 2061 ingenioque
1012 1994 1204 2043 dabant.

132 2061 340 2112 Tristior
364 2062 484 2111 haec
509 2077 633 2110 aetas
658 2079 813 2109 mores
840 2062 992 2109 oblita
1014 2067 1227 2128 priorum

196 2134 390 2183 Vivitur
412 2136 612 2198 ignavae
637 2130 796 2179 dedita
820 2130 1032 2179 defidiae.

129 2199 309 2250 Hirsuti
334 2202 528 2268 quidam
551 2199 748 2246 choreas
786 2201 928 2247 odere
957 2204 1167 2248 Catones
1184 2240 1199 2261 ‚

202 2271 303 2320 Vix
329 2286 538 2337 unquam
563 2267 699 2315 tellus
726 2287 853 2316 nunc
880 2269 996 2336 pede
1022 2267 1151 2337 pulsa
1175 2268 1326 2317 sonat.

132 2340 300 2406 Turpe
323 2342 487 2405 jacent
514 2336 727 2385 citharae
751 2336 910 2386 fractis
936 2357 1042 2386 cum
1068 2342 1255 2405 pectine
1283 2337 1499 2400 chordis,

197 2411 295 2459 Vix
315 2411 495 2474 juvenis
512 2446 525 2469 ,
565 2410 641 2455 vix
665 2425 790 2454 nunc
818 2407 915 2455 ulla
938 2407 1094 2475 puella
1122 2411 1265 2456 canit.

130 2483 239 2529 Nec
265 2476 484 2525 consueta
510 2475 588 2524 suo
613 2475 833 2524 resonant
858 2477 1062 2544 collegia
1088 2492 1259 2538 cantu,

202 2550 304 2611 Qui
328 2547 570 2615 quondam
594 2543 732 2593 feffos
757 2544 890 2614 saepe
916 2545 1103 2594 levabat
1134 2564 1260 2595 avos,

133 2620 366 2685 Principis
391 2621 536 2664 Anna
561 2618 681 2676 mei,
721 2620 845 2683 regis
869 2614 1095 2684 generosa
1119 2619 1336 2664 Britanni

200 2686 343 2748 Filia,
387 2689 460 2733 cui
485 2689 612 2733 vitae
635 2685 788 2733 nullus
812 2689 983 2734 inertis
1000 2704 1133 2734 amor
1152 2712 1164 2747 3

134 2756 219 2804 Sed
240 2770 377 2803 tanto
402 2772 520 2824 quae
543 2770 656 2803 nata
678 2755 789 2803 loco
814 2754 1127 2804 nihilominus
1153 2769 1274 2803 artes
1289 2793 1303 2816 ‚
1326 2810 1328 2812 v

205 2825 353 2890 Quod
376 2843 486 2874 vera
512 2823 688 2893 profint
711 2825 917 2874 utilitate
933 2866 947 2887 ,
987 2825 1173 2894 probas.

134 2898 237 2943 Sive
263 2894 432 2942 modos
460 2895 637 2942 chartis
665 2895 861 2943 mandas
887 2894 1084 2945 studiosa
1110 2893 1310 2944 canendi
1324 2934 1339 2956 ,

200 2969 244 3013 A
271 2980 316 3012 te
343 2962 626 3032 compositas
652 2964 979 3033 exequerisque
1009 2972 1175 3013 notas:
1236 2994 1238 2998 ,
1305 3004 1307 3006 .

134 3037 231 3083 Aut
253 3052 424 3082 vocem
448 3034 506 3083 ad
530 3051 749 3081 numeros
774 3034 898 3082 dulci
926 3034 1250 3083 modulamine
1274 3032 1418 3084 fledtis
1431 3073 1447 3096 ,
1489 3086 1494 3089 μ

199 3107 296 3152 Aut
322 3109 492 3155 tractas
517 3103 664 3153 dotto
688 3103 864 3171 pollice
888 3103 970 3153 fila
1000 3104 1144 3170 lyrae.
1471 3112 1473 3114 ’

964 3177 984 3221 Ι
1023 3192 1047 3221 2

1615 3171 1700 3216 Seu
