2096 3585
981 204 1002 236 ι

179 250 408 303 Oblatum
437 254 639 322 propriis
666 182 1165 323 damnum(re4pa1?abat
1190 254 1247 304 ab
1272 259 1416 320 arviS,

243 324 440 372 Suffecta
458 323 642 372 servans
664 323 798 392 prole
821 342 1027 392 perenne
1050 325 1204 375 decus.

175 391 286 441 Illos
314 392 346 440 s1
371 410 463 460 qua
484 411 649 442 manus
675 409 850 442 temere
874 392 1091 443 violasset
1114 394 1346 460 honores,

238 459 429 509 Offenso
456 481 630 530 poenas
653 466 873 529 Principe
898 463 1032 530 saepe
1053 464 1197 513 dedit.

169 532 286 577 Non
311 531 457 580 coluit
483 532 690 580 Dodona
712 535 840 594 Jovis
865 530 1100 580 notiffima
1126 531 1264 582 sacris

236 602 413 664 Majori
439 619 633 668 quercus
658 601 908 669 relligione
930 599 1042 650 suas.

167 667 384 733 Majestas
410 670 566 738 aliqua
585 669 648 718 est
671 670 898 719 umbrosis
922 671 1081 720 addita
1107 670 1273 738 sylvis,

232 740 287 784 Et
314 738 435 786 nihil
461 739 535 787 his
559 740 696 788 tellus
721 740 920 789 sanastius
947 740 1071 789 alma
1094 744 1233 808 parit.

166 805 388 873 Quisquis
413 812 460 856 in
486 808 570 856 has
596 809 739 858 saevit
755 850 768 871 ‚
811 809 936 858 sedes
961 810 1140 858 violare
1165 813 1375 859 Deorum

231 873 409 938 Posset,
449 894 688 927 maternas
714 888 758 928 ὃς
781 880 959 928 laniare
987 897 1146 948 genas.

162 946 279 991 Non
302 947 468 1012 procul
493 947 609 996 hinc
635 950 821 1015 geniale
848 967 1010 997 nemus
1035 949 1174 999 densa
1206 949 1356 999 abiete
1381 948 1605 999 frondens

233 1014 420 1077 Stabat,
462 1021 609 1066 vicini
633 1024 752 1067 ruris
778 1027 822 1068 &
842 1018 969 1067 urbis
992 1019 1163 1070 honOS.

161 1080 420 1133 Distinctae
442 1092 614 1135 teneris
640 1089 857 1138 ridebant
886 1087 1076 1138 floribus
1102 1088 1306 1153 herbae,

227 1154 483 1220 Fragrabat
506 1157 743 1225 Zephyris
767 1159 974 1227 undique
995 1156 1112 1208 susus
1135 1159 1268 1208 odor.

159 1219 367 1270 Plurima
391 1225 580 1274 texebat
603 1227 829 1277 librantes
854 1228 993 1275 ardea
1017 1229 1182 1290 nidos,

226 1293 483 1359 Pervigiles
508 1300 670 1345 notit&
694 1302 860 1346 Attica
884 1296 1026 1345 flebat
1053 1302 1165 1347 avis·

158 1361 254 1406 Hic
273 1358 436 1409 solitae
459 1366 669 1430 Dryades
694 1374 738 1415 &
761 1365 872 1415 laffa
894 1365 1050 1414 sedere
1074 1369 1264 1427 Diana,

225 1429 470 1498 Multaque
495 1451 602 1479 cum
626 1440 790 1479 Faunis
813 1436 971 1479 ludere
994 1435 1230 1504 Nympha
1250 1434 1349 1483 suiS⁰

162 1497 373 1546 Saltabat
392 1504 619 1564 juvenum
644 1504 803 1547 mixtis
827 1515 950 1564 vaga
974 1500 1112 1549 turba
1137 1504 1331 1569 puellis,

222 1566 394 1613 Dulcia
417 1586 533 1635 quos
556 1573 678 1617 inter
702 1568 828 1616 bella
852 1567 1079 1616 movebat
1103 1576 1273 1619 Amor.

153 1636 245 1681 Pro
270 1634 421 1701 pudor
445 1641 455 1688 !
484 1637 637 1688 amifit
659 1637 816 1687 media
844 1636 946 1705 plus
973 1652 1107 1705 parte
1131 1638 1314 1686 decoris

225 1706 363 1767 Inde,
406 1726 495 1756 nec
520 1713 711 1777 integro
736 1725 863 1757 nunc
886 1705 1001 1769 stat,
1044 1722 1095 1756 ut
1128 1722 1264 1770 ante,
1298 1711 1433 1776 jug0.

153 1777 431 1825 Innumeros
458 1779 611 1847 rapidi
636 1795 830 1828 truncos
853 1777 1086 1826 violentia
1108 1781 1254 1840 Cori,

220 1849 495 1896 Innumeros
518 1848 677 1896 stravit
700 1850 801 1897 dira
824 1848 993 1896 securis
1019 1847 1193 1896 humo:

155 1915 469 1983 Crudelesque
499 1934 665 1966 manus
692 1925 736 1966 δε
762 1917 947 1965 adunco
972 1922 1154 1986 pertica
1176 1916 1331 1977 ferro,

221 1983 399 2033 Tristia
420 1990 591 2054 pinetis
617 1987 792 2035 damna
818 1987 986 2035 dedere
1010 1992 1115 2037 tuis.

152 2055 298 2101 Nunc
325 2073 538 2124 quoque,
578 2075 723 2125 quum
751 2055 876 2103 foliis
899 2056 1015 2104 levis
1039 2057 1211 2103 incidit
1232 2061 1374 2103 Eurus
1400 2060 1573 2118 acutis,

219 2125 595 2192 Saucia‘lugubri
623 2129 833 2173 carmine
858 2124 996 2190 Sylva
1019 2127 1184 2192 gemit.

152 2190 257 2239 Esto
280 2191 356 2239 sed
387 2194 469 2240 hic
501 2193 607 2241 finis
636 2213 644 2239 :
672 2198 870 2240 nimium
895 2192 1084 2241 fortasse
1107 2194 1268 2240 locuta

220 2263 327 2308 Sum
344 2300 357 2321 ,
398 2265 622 2330 Princeps
644 2263 791 2329 longa
807 2279 906 2308 non
943 2262 1186 2310 retinende
1209 2277 1359 2310 mora.

153 2333 355 2381 Caetera
378 2349 476 2379 non
502 2339 725 2400 tangam.'
777 2327 1228 2398 Qaliljamcunque
1251 2330 1476 2392 videbor,

219 2403 485 2467 Spectatam
508 2405 720 2449 Domino
749 2401 825 2448 vel
849 2399 991 2447 semel
1017 2397 1106 2448 effe
1127 2404 1287 2466 juvet,-

152 2471 261 2517 Nec
286 2510 300 2530 ‚
340 2469 372 2518 fi
399 2468 697 2537 displiceam,
737 2469 824 2518 tibi
846 2488 922 2518 me
946 2467 1219 2518 monstraffe
1243 2469 1452 2531 dolebit,

160 2594 163 2597 ¹
225 2541 353 2587 Dum
379 2539 591 2607 praesens
617 2539 780 2587 oculos
802 2543 985 2607 paveris
1012 2538 1106 2606 ipse
1133 2556 1289 2586 meos:

155 2610 232 2656 Sin
256 2608 457 2676 prober,
498 2624 637 2678 atque
662 2613 728 2657 tui
754 2608 999 2676 spiraverit
1023 2626 1132 2657 aura
1156 2607 1357 2671 favoris,

220 2677 460 2726 Persarum
481 2682 640 2727 vivam
661 2683 796 2745 Rege
819 2677 958 2727 beata
980 2681 1147 2746 magis,

154 2747 281 2794 Audi
304 2763 417 2796 vota
445 2762 633 2810 tamen,
673 2747 841 2797 nostris
869 2762 917 2796 te
939 2747 1231 2816 amplexibus
1260 2761 1368 2796 ante

221 2818 384 2880 Quam
405 2817 586 2866 solvam
601 2858 614 2879 ,
649 2817 812 2885 jubeat
838 2835 956 2885 quae
973 2822 1099 2866 Deus
1124 2815 1211 2866 effe
1234 2832 1336 2865 rata
1358 2820 1369 2864 !

156 2889 281 2938 Vive
306 2902 383 2934 tua
405 2887 516 2935 felix
541 2905 649 2936 cum
674 2891 892 2953 Conjuge
916 2886 1129 2937 Nestoris
1155 2904 1331 2949 annos,

221 2955 370 3018 Friso‚
409 2959 515 3004 vive
540 2971 645 3005 tuae
668 2956 768 3025 spes
794 2963 839 3004 &
865 2973 998 3005 amor
1027 2960 1226 3004 Patriae.

158 3028 282 3077 Vive
304 3045 487 3075 memor
513 3026 690 3075 Bredae
716 3024 945 3086 labentis,
985 3041 1128 3093 quam
1150 3039 1285 3093 potes
1308 3023 1409 3073 urbi

230 3098 283 3143 In
307 3096 442 3146 rebus
467 3096 591 3147 duris
622 3094 749 3146 adfer
776 3098 952 3145 amicus
976 3113 1133 3163 opem.

207 3166 213 3172 ’
986 3166 1028 3214 L
1316 3219 1321 3229 Ι
1559 3161 1716 3212 Publi=
