2096 3585
865 181 1044 250 (27)

152 303 297 352 Indue
323 300 528 351 ridentes
553 297 708 366 polita
733 298 972 368 ferrugine
998 299 1148 351 cultus

217 372 368 421 Breda
388 386 598 437 quoque,
642 377 687 419 δε
714 388 832 437 pura
859 371 1064 420 candida
1085 370 1211 422 veste
1234 373 1355 422 veni.

147 446 320 509 Sparge
346 440 496 500 rosas,
538 438 768 487 succende
791 439 944 499 faces,
983 444 1290 510 Dominoque
1311 450 1505 509 recepto

217 515 360 578 Signa
387 508 636 557 clientelae
658 507 848 574 publica
871 508 990 556 tolle
1020 523 1140 560 tuae.

145 583 194 630 T
198 583 418 646 urrigeris
440 579 558 627 olim
582 576 797 625 radiabat
821 594 1013 644 gemma
1039 580 1254 648 capillis,

213 648 573 716 Stringebatque
599 660 702 696 tuos
730 664 866 695 aurea
888 652 1030 697 Zona
1056 647 1203 699 finus:

143 720 288 766 Tunc
316 734 414 765 erat
439 720 655 785 inprimis
681 716 855 765 faciem
880 716 968 765 tibi
992 736 1102 766 cura
1130 719 1338 779 colendi,

210 792 286 836 Ut
310 786 443 854 poffis
467 790 682 835 Domino
710 801 905 854 compta
926 787 1119 855 placere
1142 802 1249 835 tuo:

140 860 251 905 Hoc
279 855 372 904 sine
397 871 466 904 ter
490 855 636 904 denos
662 854 739 904 sed
766 855 1011 924 postquam
1040 861 1246 925 exegeris
1270 874 1446 917 annos,

209 929 401 974 Divitiis
430 929 589 993 coepit
615 925 771 974 forma
799 943 959 974 carere
983 925 1097 976 suis:

141 999 243 1042 Sive
267 995 394 1063 quod
421 994 575 1043 afflicti
602 1010 647 1043 te
675 999 847 1062 injuria
871 995 1094 1064 carpserit
1120 1001 1249 1060 aevi,

208 1068 381 1132 Erepto
404 1064 478 1112 seu
503 1068 583 1133 qui
605 1068 825 1132 Principe
848 1066 997 1114 ludtus
1024 1081 1146 1115 erat:

139 1133 311 1195 Indue,
353 1132 384 1181 fi
413 1151 504 1201 qua
527 1134 616 1182 tibi
646 1149 805 1184 tamen
835 1151 1120 1184 ornamenta
1142 1135 1408 1205 supersunt,

204 1204 462 1269 Temporis
491 1218 630 1271 atque
656 1203 873 1252 habitum
888 1245 903 1266 ,
943 1224 1083 1272 quem
1107 1221 1268 1273 potes,
1308 1206 1444 1272 hujus
1468 1200 1605 1252 habe.

141 1270 299 1319 Obvia
322 1290 466 1339 quum
489 1289 667 1338 pronos
691 1272 883 1321 librabis
909 1274 968 1321 ad
992 1273 1149 1323 oscula
1172 1290 1319 1323 turres
1336 1314 1352 1336 ,

207 1345 263 1389 Et
288 1341 420 1388 dabis
446 1341 687 1408 amplexus
704 1382 716 1402 ,
753 1361 813 1390 ne
839 1359 1028 1393 vereare
1055 1343 1213 1412 loqui:

139 1413 248 1459 Nec
272 1409 359 1457 tibi
385 1408 594 1458 difficiles
618 1412 795 1472 aditus,
837 1411 1141 1482 frontemque
1162 1413 1369 1462 severam
1385 1452 1401 1475 ‚

206 1483 314 1526 Nec
339 1492 519 1524 metuas
541 1473 698 1521 surdas
726 1475 784 1521 ad
809 1488 889 1521 tua
916 1482 1062 1522 verba
1084 1482 1223 1529 fores.

140 1550 248 1597 Nec
276 1544 403 1614 quod
428 1560 499 1590 res
527 1545 713 1609 magnis
740 1541 907 1609 dignas
931 1541 986 1589 fis
1014 1545 1119 1590 ausa
1144 1550 1394 1598 cothurnis

204 1618 461 1682 Tangere,
500 1629 590 1660 nec
608 1609 732 1676 justo
761 1626 1088 1660 contemerare
1109 1613 1244 1679 pede.

140 1689 249 1736 Nec
274 1684 399 1752 quod
429 1681 564 1730 Musa
591 1681 711 1730 senis
737 1681 887 1750 longo
910 1681 1131 1749 frigentis
1156 1682 1215 1732 ab
1244 1699 1362 1732 aevo

209 1757 391 1803 Fecerit
417 1752 642 1819 indignos
664 1754 896 1820 Principis
921 1769 1027 1800 aure
1051 1750 1205 1803 sonos.

140 1828 278 1874 Mitis
307 1827 434 1871 enim
461 1820 759 1889 placidusque
782 1822 863 1870 ille
888 1820 977 1883 est,
1016 1825 1273 1891 veniaeque
1299 1838 1485 1893 paratus
1498 1825 1517 1885 ‚‘

210 1895 408 1959 Ingenui
433 1891 566 1937 dotes
594 1894 796 1957 pectoris
820 1909 901 1939 ore
924 1890 1092 1942 ferens.

143 1968 255 2014 Hoc
277 1964 522 2029 proprium
549 1959 680 2007 claro
707 1964 869 2027 generi
884 1987 898 2021 3
937 1961 1214 2012 melioribus
1235 1964 1332 2012 alta

214 2030 441 2079 Nobiltas
466 2047 562 2077 non
588 2027 643 2076 fit
667 2028 1002 2096 conspicienda
1025 2036 1167 2080 notis,

145 2104 340 2167 Accipit
356 2140 368 2160 ‚
410 2118 466 2147 en
488 2138 501 2159 ‚
542 2116 684 2146 voces
712 2099 877 2165 populi
900 2098 1015 2146 licet
1040 2114 1139 2146 arte
1165 2113 1408 2162 carentes,

211 2167 433 2236 Quasque
459 2168 553 2216 hac
574 2168 679 2215 luce
703 2167 866 2229 senex,
909 2185 1140 2235 curvaque
1160 2173 1311 2235 ja&at
1333 2186 1460 2219 anus·

148 2241 234 2288 Ille
260 2238 515 2285 salutantes
541 2239 665 2283 inter
693 2234 769 2283 sed
793 2235 914 2284 ferre
946 2240 1178 2299 Po'e'tam,

215 2311 259 2355 Si
285 2307 433 2367 nolit,
475 2304 666 2353 claudos
690 2304 1008 2374 despiciatque
1030 2306 1201 2373 pedes?

147 2385 277 2429 Pone
299 2390 477 2424 metum
492 2401 505 2435 3
547 2376 752 2435 Vatem,
792 2379 1000 2422 memeni
1026 2392 1115 2422 nec
1140 2380 1354 2426 carmina
1378 2378 1523 2445 fugit,

216 2448 421 2513 Accepit
448 2460 610 2492 tenera
631 2462 775 2511 quum
805 2447 921 2492 Puer
945 2444 1028 2492 illa
1052 2461 1210 2496 manu,

150 2522 247 2567 Cur
272 2516 325 2565 fit
349 2512 596 2563 Nassavios
620 2513 874 2562 metuenda
897 2513 1078 2581 repulsa
1105 2519 1324 2564 canenti?

220 2588 447 2636 Materies
469 2597 628 2632 vatem
652 2586 863 2651 protegit
887 2583 970 2631 illa
992 2585 1135 2633 suum.

152 2661 265 2705 Sunt
292 2655 411 2704 haec
436 2651 675 2701 innostris
702 2651 976 2702 sanotiffima
999 2658 1199 2703 nomina
1223 2659 1385 2717 terris,

221 2723 456 2790 Qiolibet
481 2722 670 2770 admitti
694 2740 994 2790 promeruere
1016 2722 1128 2773 fimi.

152 2795 287 2845 Aude
312 2797 454 2861 igitur
472 2832 485 2853 ,
526 2795 882 2861 Dominumque
907 2808 1038 2842 tuum
1066 2793 1128 2843 fic
1151 2812 1233 2842 ore
1255 2794 1401 2844 saluta
1415 2822 1429 2857 ,-

220 2862 439 2932 Ignoscet
463 2865 616 2923 vitiis,
656 2863 782 2930 quod
804 2881 998 2930 precor,
1039 2864 1120 2912 ille
1143 2868 1247 2913 tuis.

153 2931 341 2989 Venisti
365 2931 555 2979 tandem
572 2971 585 2992 ,
626 2950 766 2999 quem
790 2947 864 2980 tot
883 2932 1166 3001 speravimus
1191 2951 1367 2998 annos,

221 2999 398 3055 Vinisti
422 3000 516 3050 huc
538 3005 662 3050 votis
684 3000 823 3069 usque
844 3006 992 3071 petite
1011 3007 1154 3053 meis:

943 3075 986 3121 G
1028 3091 1053 3122 2

1645 3079 1709 3126 Et
