2096 3585
379 299 463 345 Seu
487 309 567 344 tua
592 292 852 342 concilians
874 221 1082 342 diverso}
1113 305 1210 338 arte
1239 290 1419 342 colores

445 364 649 415 Exhibet
678 367 727 411 in
755 360 914 409 tabula
940 377 1145 428 corpora
1168 363 1295 427 pista
1315 378 1495 413 manuS.

377 440 594 503 Denique
615 431 690 481 seu
712 445 889 481 matres
913 434 1112 478 imitaris
1139 447 1258 478 voce
1281 432 1506 492 Latinas,

444 509 671 553 Romano
698 504 882 570 quoties
908 515 955 548 te
977 504 1111 567 juvat
1132 518 1213 548 ore
1238 499 1384 568 loqui.

376 572 586 624 Forfitan
612 571 709 620 hoc
739 574 882 620 etiam
905 573 1066 618 veniet
1093 569 1180 618 tibi
1208 586 1401 618 carmen
1428 568 1485 619 ad
1511 586 1637 620 aures
1653 611 1669 634 ‚

448 646 506 691 Et
530 641 717 690 dabitur
743 641 884 689 docta
906 644 1128 706 Principe
1152 637 1280 706 poffe
1303 640 1424 707 legi:

373 717 526 762 Rarus
548 712 704 759 honos
730 714 739 758 !
767 714 894 758 vitiis
918 707 950 756 fi
974 708 1099 757 forte
1123 708 1377 756 movebere
1402 707 1569 759 nostris
1585 751 1600 772 ,

445 781 616 830 Deleat
644 779 764 828 haec
790 796 937 848 aequa
962 778 1088 827 facta
1114 778 1257 828 litura
1280 796 1441 827 manu.

374 857 518 900 Anna
544 849 676 910 fave3
719 865 999 917 tantumque
1022 847 1149 897 urbis
1175 847 1395 897 miserata
1415 848 1650 918 stuporem

441 924 612 970 Se&ari
638 920 858 986 exemplo
887 919 946 967 da
971 919 1173 968 meliora
1202 933 1297 968 tuo.

372 994 478 1040 Nos
505 993 669 1042 Venus
694 996 738 1037 &
766 988 1006 1049 Bacchus,
1048 1007 1134 1037 nos
1160 992 1313 1056 pictae
1338 993 1534 1038 nomina
1558 988 1779 1053 chartae,

438 1065 685 1126 Occupat,
728 1065 772 1106 δε
800 1061 1005 1105 numeris
1031 1058 1133 1106 alea
1151 1062 1280 1124 jacta
1302 1057 1403 1109 suis.

369 1135 467 1179 Aut
493 1128 666 1176 calidas
692 1126 929 1175 haurimus
956 1144 1124 1195 aquas,
1170 1145 1246 1176 aut
1272 1128 1434 1176 nubila
1457 1132 1586 1191 peti,

429 1200 578 1249 Vexit
602 1202 652 1245 in
679 1198 768 1245 has
795 1211 941 1244 terras
964 1214 1084 1265 quae
1109 1202 1360 1265 peregrina
1391 1202 1520 1249 ratis,

367 1273 574 1336 Noxque
599 1266 782 1335 diesque
807 1269 928 1315 inter
953 1265 1134 1315 mensas
1158 1274 1202 1316 δε
1225 1268 1398 1335 pocula
1423 1283 1640 1328 currunt,

439 1342 532 1386 Hei
561 1335 681 1384 mihi
716 1340 724 1383 !
753 1353 896 1402 quarn
925 1351 1106 1385 veteres
1131 1336 1472 1404 degeneramus
1496 1342 1645 1386 Avos.

367 1405 572 1457 Piscibus
596 1413 640 1453 δε
664 1402 815 1472 preffo
840 1422 1039 1472 coepere
1065 1405 1186 1454 haec
1210 1411 1409 1455 Moenia
1432 1408 1582 1466 lacte,

435 1481 737 1524 Incrementa
761 1472 895 1521 labor
918 1474 1233 1536 sobrietasque
1260 1476 1403 1518 dedit.

366 1550 497 1594 Hinc
520 1543 714 1592 subeunt
740 1540 888 1590 tristes
915 1543 1090 1605 ignava
1116 1556 1199 1604 per
1224 1542 1323 1585 otia
1355 1540 1541 1602 morbi,

432 1617 581 1679 Qieis
608 1611 730 1660 fabri
751 1610 918 1674 vigiles
943 1607 1275 1676 agricolaeque
1301 1625 1492 1657 carent:

369 1688 471 1732 Ore
497 1694 717 1748 gemente
740 1694 887 1745 vagos
910 1681 1096 1726 ructant
1122 1675 1494 1745 hypochondria
1519 1680 1679 1742 flatUS,

430 1750 664 1800 Debilitat
688 1748 842 1796 lentos
867 1746 968 1794 dira
992 1747 1206 1814 podagra
1227 1747 1382 1816 pedes,

361 1827 482 1872 Non
504 1820 621 1868 adeo
643 1816 886 1885 quisquam
910 1817 1120 1866 invideat
1143 1817 1421 1867 mortalibus
1445 1824 1594 1889 aegris
1612 1860 1625 1880 ‚

425 1889 697 1940 Exhilarare
729 1890 940 1934 animum
965 1887 1126 1935 credat
1146 1903 1196 1934 ut
1219 1886 1306 1936 effe
1332 1890 1486 1938 nefas:

364 1958 615 2025 Qi[secat
639 1956 872 2005 humanas
902 1956 1028 2005 dulci
1054 1955 1324 2006 discrimine
1347 1975 1478 2006 curas

425 2029 511 2078 Ille
533 2027 680 2095 sapit,
720 2026 751 2074 fi
777 2045 877 2075 non
906 2025 1053 2076 nescit
1077 2027 1254 2076 habere
1278 2028 1491 2078 modum.

360 2104 520 2147 Prima
545 2097 763 2143 salutavit
787 2112 906 2160 quae
930 2110 977 2140 te
1004 2112 1111 2142 mea
1135 2100 1315 2144 vertice
1340 2100 1537 2159 Turris,

431 2171 537 2216 Nos
565 2162 728 2230 procul
760 2164 984 2210 adventus
1018 2163 1358 2233 admonuitque
1384 2170 1476 2216 tui.-

359 2236 565 2284 Pulchra
587 2232 778 2301 quidem
802 2249 930 2278 nunc
955 2230 1045 2291 est,
1083 2231 1161 2279 sed
1185 2250 1283 2281 erat
1308 2235 1632 2301 pulcherrima
1654 2237 1926 2303 quondam,

425 2310 540 2373 Igne
569 2306 693 2370 prius
719 2300 886 2348 summi
910 2317 1054 2368 quam
1082 2300 1170 2351 fuit
1195 2306 1288 2351 ista
1312 2307 1456 2365 Jovis.

358 2376 473 2424 Inde
496 2387 637 2422 ruunt
660 2370 875 2418 volucres
900 2368 1060 2438 spatiis
1088 2372 1359 2439 aequalibus
1384 2377 1574 2435 Horae,

426 2447 590 2509 Qiam
616 2440 756 2501 felix,
797 2444 1062 2489 Dominum
1089 2446 1208 2509 quae
1232 2442 1372 2503 tulit,
1411 2447 1548 2492 Hora
1571 2443 1658 2492 fuit
1681 2447 1692 2492 ἔ

359 2510 578 2582 Adspicis
603 2526 653 2558 ut
679 2525 785 2558 toto
812 2509 1130 2558 circumsonat
1154 2511 1297 2560 ardua
1322 2512 1484 2574 caelo,

427 2588 500 2634 Ut
522 2596 714 2631 centum
738 2580 923 2647 linguas
950 2596 1176 2648 aereaque
1198 2598 1282 2629 ora
1305 2597 1495 2630 movet:

357 2659 467 2703 Nec
489 2655 660 2701 veteris
690 2665 877 2711 cantuS,
915 2648 1174 2718 veterisque
1198 2655 1563 2711 necnimmemor
1589 2657 1689 2703 aevi

431 2727 817 2772 GU1LELMUM
840 2723 1013 2787 repetit
1040 2720 1643 2786 garrulaNA'SSAva.

360 2797 604 2860 Contigua
628 2788 691 2838 est
709 2830 722 2850 ,
765 2805 1043 2858 partemque
1070 2789 1186 2839 facit
1208 2791 1534 2858 pulcherrima
1557 2795 1696 2841 turris

431 2862 614 2922 Aedes,
658 2860 822 2908 divino
846 2858 975 2907 sacra
998 2859 1273 2910 ministerio.

357 2932 668 3000 Respondent
693 2930 796 2978 altis
822 2933 954 2998 paria
980 2931 1234 2979 intervalla
1258 2931 1521 2996 columnis,

430 3001 626 3050 Sublimi
651 2998 831 3048 vastum
856 2999 1040 3048 fornice
1063 2999 1210 3069 surgit
1237 3019 1367 3070 opus,

358 3075 555 3121 Pestora
589 3069 746 3118 sanfi'm
764 3073 858 3118 mei
878 3088 966 3138 per
988 3069 1117 3119 sacra
1143 3070 1394 3140 precesque
1417 3071 1621 3123 Ministri

427 3144 523 3191 Hic
546 3137 672 3187 soliti
698 3154 942 3207 nunquam
965 3159 1062 3191 non
1087 3141 1351 3207 meminiffe
1378 3146 1459 3192 tui.
